2472 4010
411 252 466 326 ΙΙΙ,
485 251 540 324 12,
556 249 598 312 26
611 283 649 294 -
663 247 718 323 14,
737 249 788 311 19.
1068 237 1109 312 65

176 405 259 466 Illius
273 402 386 464 indicio
403 403 490 462 silvis
504 403 630 460 inventa
643 401 701 464 sub
715 403 783 462 altis

132 499 168 552 20
220 487 336 568 Dicitur
351 489 503 564 inceptam
520 485 697 545 destituisse
712 487 824 560 iugem.
851 485 854 498 ‘

177 574 263 632 Nunc
278 588 403 647 quoque
418 586 473 645 per
488 585 602 645 pueros
616 567 723 628 iaculis
737 568 901 644 incessitur
915 567 1024 641 index,

218 656 257 715 Et
274 657 401 731 pretium
415 653 533 714 auctori
547 653 682 712 vulneris
700 652 771 727 ipsa
786 653 890 712 datur..

178 741 243 812 Qua
258 746 388 798 ventura
405 738 464 797 dea
479 743 541 808 est,
564 737 695 796 iuvenes
713 737 900 810 timidaeque
915 738 1036 810 puellae

117 893 118 898 γ
219 821 423 883 Praeverrunt
436 822 514 880 latas
529 826 617 880 veste
631 819 750 880 iacente
765 822 842 880 uias.

67 977 69 985 Α
134 917 169 968 25
181 906 318 980 Virginei
333 906 433 965 crines
450 921 525 964 auro
540 903 722 978 gemmaque
737 909 929 979 premuntur,

219 989 257 1048 Et
268 988 342 1063 tegit
358 995 480 1048 auratos
497 987 580 1062 palla
596 986 730 1060 superba
747 988 860 1062 pedes:

159 1072 263 1132 ,lllore
278 1078 397 1145 patrum
413 1071 503 1129 Graio
517 1070 639 1128 velatae
654 1069 793 1129 vestibus
811 1069 890 1129 albis

219 1154 342 1229 Tradita
356 1154 519 1228 supposito
539 1152 653 1212 vertice
668 1168 757 1211 sacra
773 1153 882 1218 serunt.

179 1237 238 1298 Ore
253 1238 356 1296 lavent
372 1236 478 1312 populi
493 1243 580 1306 tunc,
605 1250 674 1294 cum
689 1235 771 1294 venit
783 1251 877 1296 aurea
892 1249 1015 1310 pompa,

135 1331 171 1384 30
222 1321 295 1396 Ipsa
311 1321 491 1380 sacerdotes
506 1318 765 1392 subsequiturque
780 1334 863 1378 suas.

179 1403 296 1478 Argiva
311 1412 359 1464 est
375 1419 508 1479 pompae
526 1401 631 1464 facies.
659 1405 891 1476 Agamemnone
906 1417 997 1460 caeso

220 1487 258 1548 Et
279 1488 381 1547 scelus
397 1494 427 1548 et
440 1488 555 1562 patrias
571 1485 811 1560 iugitHalaesus
830 1501 923 1560 opes:

178 1570 304 1643 Iamque
318 1570 483 1644 pererratis
498 1569 646 1642 prologus
659 1576 802 1645 terraque
810 1571 959 1651 ,fretoque

219 1653 342 1711 Moenia
359 1654 439 1712 lelici
455 1651 593 1712 condidit
609 1653 670 1710 alta
685 1667 786 1714 manu.
918 1645 922 1653 ⁶

136 1745 170 1798 35
181 1736 235 1795 llle
250 1751 325 1796 suos
343 1737 447 1796 docuit
459 1735 587 1794 Iunonia
603 1750 693 1794 sacra
705 1735 855 1796 Faliscos

188 1838 192 1848 ·
224 1818 289 1878 Sint
304 1820 390 1893 mihi,
414 1821 475 1880 sint
488 1818 604 1896 populo
623 1833 746 1892 semper
762 1821 860 1878 amica
876 1826 947 1878 suo!

97 1950 153 2046 14
183 1948 257 2047 Non
275 2003 333 2062 ego
347 2003 388 2048 ne
403 2005 533 2064 pecces,
556 2005 628 2050 cum
641 1989 685 2050 sis
702 1989 853 2060 iormosa,
876 2001 1005 2060 recuso,

222 2071 286 2131 Sed
300 2087 339 2130 ne
353 2073 393 2131 sit
409 2073 521 2132 misero
538 2073 619 2132 scire
636 2087 767 2132 necesse
783 2070 864 2129 mihi.

155 2213 158 2216 .
180 2154 242 2215 Nee
262 2162 292 2214 te
308 2163 414 2215 nostra
428 2155 512 2230 iubet
526 2157 593 2216 lieri
608 2171 739 2216 censura
755 2154 914 2229 pudicam,
1037 2219 1040 2226 ⁴

223 2236 287 2298 Sed
302 2244 428 2312 tamen,
438 2247 473 2300 ut
487 2246 618 2314 temptes
636 2239 843 2310 dissimulare,
860 2244 958 2310 roget.

152 2320 246 2381 5Non
261 2329 387 2396 peccet,
411 2339 624 2398 quaecumque
638 2329 743 2401 potest
758 2335 909 2397 peccasse
924 2335 1049 2395 negare:

222 2403 359 2480 Solaque
377 2407 529 2466 famosam
544 2409 635 2482 culpa
652 2407 795 2481 professa
810 2404 891 2476 iacit.

182 2487 257 2560 Quis
272 2487 357 2560 furor
373 2495 435 2562 est,
459 2497 643 2564 quaenocte
660 2492 768 2561 latent,
790 2487 822 2548 in
839 2489 908 2546 luce
924 2486 1025 2559 lateri,

222 2571 261 2630 Et
276 2587 356 2646 quae
374 2574 452 2641 clam
467 2573 576 2649 iacias,
590 2574 679 2633 ¹laeta
692 2573 808 2632 reterre
823 2571 948 2645 polemi,

177 2654 286 2728 Ignoto
301 2658 444 2716 meretrix
459 2673 570 2732 corpus
588 2657 726 2718 iunctura
741 2655 846 2730 Quiriti

136 2748 172 2800 10
226 2737 380 2813 Opposita
390 2741 538 2815 populum
554 2747 729 2800 summovet
744 2745 814 2799 ante
829 2751 909 2798 sera.

176 2821 222 2881 Tu
234 2828 287 2880 tua
300 2824 468 2896 prostitues
482 2824 581 2884 lamae
597 2831 725 2898 peccata
739 2823 895 2894 sinistrae,
930 2859 933 2866 ,

222 2904 383 2966 Commissi
400 2923 532 2982 perages
549 2907 758 2983 indiciumque
773 2905 837 2966 tuit

179 2986 225 3046 Sit
238 2987 291 3049 tibi
307 3005 393 3050 mens
407 2992 531 3065 melior,
554 2992 704 3052 saltemve
716 2991 834 3050 imitare
850 2989 997 3064 pudicas=

220 3073 324 3148 Teque
340 3073 484 3150 probam,
507 3075 647 3150 quamvis
662 3091 724 3135 non
740 3075 817 3146 eris,
840 3088 912 3133 esse
926 3079 1040 3148 putem.¹

136 3163 171 3216 15
184 3151 269 3227 Quae
286 3157 379 3232 iacis,
401 3158 479 3220 haec
495 3159 596 3220 lecito.
621 3165 738 3220 tentum
753 3157 867 3219 iecisse
882 3163 1009 3231 uegeto,

219 3239 282 3300 Nec
296 3243 412 3316 pudeat
426 3257 530 3303 coram
547 3242 642 3302 verbe
657 3244 797 3304 modesta
813 3242 908 3314 loqui.
1005 3301 1009 3308 .

175 3321 231 3381 Est
245 3324 297 3398 qui
316 3327 483 3399 nequitiam
497 3329 584 3386 locus
600 3328 710 3402 exigat.
737 3323 878 3386 omnibus
894 3323 978 3386 illum

217 3406 344 3468 Deliciis
358 3410 450 3485 inple.
477 3417 537 3470 stet
552 3413 661 3486 procul
675 3411 747 3470 inde
764 3409 874 3485 pudor.

176 3486 255 3630 Himlr
272 3493 361 3553 simul
377 3493 506 3568 exieris,
529 3495 658 3557 lascivia
673 3493 811 3569 protinus
830 3493 948 3557 omnis·

132 3587 217 3631 ovm.
258 3582 266 3631 ῑ
930 3579 946 3628 5
1023 3601 1029 3620 ι
