2488 4006
213 205 429 285 xv1.[xvu.]
448 206 533 266 nm.
564 207 658 266 xvu.
677 207 808 286 [xvruq
827 207 1007 268 nulnum.
1053 207 1113 272 ιιι

559 405 650 468 xvll.

183 483 278 582 Mittit
291 522 461 598 Abydenus,
484 539 573 596 quum
587 527 687 583 multet
699 525 785 596 ferre
798 528 930 595 satutem,

153 616 155 619 ’
171 655 177 666 ι
225 606 260 666 Si
272 607 364 666 cudat
375 606 458 664 undu
473 611 579 680 muris,
596 609 679 670 Sesto
688 611 804 682 puella,
826 609 884 666 ttbt'.

183 687 215 748 Si
234 689 306 748 mihi
321 689 351 747 di
368 689 473 747 laclles
491 697 520 746 et
539 687 653 748 suntin
670 706 773 754 amore
788 690 924 762 secundi,

224 773 328 830 Invitis
343 773 439 831 oculis
456 771 532 831 haec
546 786 616 832 mea
628 773 722 832 verba
736 775 830 847 leges

154 853 321 916 oSednon
338 862 410 914 sunt
424 855 539 914 faciles.
563 872 632 914 nam
648 872 704 915 cur
717 872 785 914 mea
802 865 873 916 vota
889 864 1052 950 morantur,

226 939 353 998 Currere
368 953 416 997 me
431 945 503 998 nota
517 953 574 997 neu
589 937 743 1035 patiuntur
758 946 859 1012 equa?

182 1021 257 1095 Ipsa
271 1021 357 1080 vides
374 1022 490 1080 caelum
507 1021 575 1095 pice
591 1022 722 1095 nigrius,
745 1031 775 1081 et
791 1023 866 1081 treta
881 1009 979 1082 ventis

223 1094 355 1161 Turbida
369 1119 486 1176 perque
502 1117 595 1162 cavas
612 1106 665 1161 vix
679 1104 820 1162 adeunda
834 1111 924 1163 rates.

182 1187 283 1258 UuuS‚
305 1193 335 1244 et
352 1185 401 1244 hic
417 1185 533 1260 audax,
553 1201 649 1260 aquo
664 1187 717 1246 tibi
733 1187 830 1246 littera
845 1197 950 1246 nostra

141 1278 176 1330 10
226 1269 389 1340 Redditur,
413 1285 430 1327 e
445 1266 537 1343 portu
551 1270 653 1328 navita
667 1270 761 1329 movit
776 1271 840 1328 iter.

181 1354 378 1412 Ascensurus
392 1365 489 1424 eram,
511 1353 571 1411 nisi
588 1354 753 1426 quodcum
769 1353 890 1413 vincula
905 1366 1013 1426 prorae

92 1429 99 1440 '
226 1435 381 1508 Solveret,
405 1436 435 1494 in
451 1437 585 1510 speculis
601 1435 700 1496 omnis
715 1436 846 1514 Abydos
865 1443 938 1494 erat.
976 1489 979 1496 .
1024 1497 1027 1503 ,

182 1518 248 1578 Non
262 1526 400 1593 poteram
415 1520 517 1578 celare
527 1533 630 1592 mem,
652 1523 735 1578 velut
749 1528 832 1590 ante,
854 1527 995 1592 parentes

225 1601 383 1676 Quemque
397 1602 457 1674 tegi
474 1603 630 1674 volumus,
652 1619 713 1662 non
728 1604 867 1669 latuisset
881 1617 975 1662 amor.
995 1623 997 1628 ·

140 1695 173 1746 15
184 1684 324 1744 Protinus
340 1684 417 1743 haec
433 1682 570 1744 scribens
590 1686 689 1758 ‘l'elim
711 1687 736 1758 i,
757 1687 865 1745 littera'
881 1685 958 1743 dixi:

224 1769 300 1826 ‘lam
313 1766 364 1826 tibi
380 1769 567 1826 formonsum
582 1769 717 1843 porriget
732 1769 783 1827 illa
797 1785 928 1828 manum.

180 1849 320 1911 Forsitan
336 1851 466 1911 admotis
481 1851 569 1910 etiam
586 1858 711 1925 tangere
726 1852 853 1922 labellis,

222 1935 376 2008 Rumpere
394 1935 466 1994 dum
480 1935 570 1995 niveo
588 1935 709 1994 vincula
723 1935 813 1994 dente
828 1936 933 1994 volet.²

180 2016 303 2076 Talibus
318 2017 429 2091 exiguo
446 2018 534 2077 dictis
549 2018 621 2075 mihi
636 2034 786 2076 murmure
804 2017 922 2090 verbis,-

137 2109 174 2161 ιο
227 2099 352 2158 Caetera
367 2116 434 2160 cum
454 2101 558 2160 charta
573 2102 680 2160 dextra
695 2103 797 2161 locuta
812 2116 880 2176 mea
894 2107 949 2170 est,

180 2183 221 2241 At
239 2189 350 2256 quanto
367 2185 501 2255 mallem,
524 2201 614 2257 quam
630 2184 791 2253 scriberet,
813 2185 864 2242 illa
876 2192 1001 2256 nataret,

222 2265 332 2339 Meque
348 2282 405 2340 par
422 2267 566 2326 adsuetas
582 2268 690 2326 sedula
706 2268 797 2326 terret
812 2283 919 2340 aquas.

180 2349 285 2424 Aptior
298 2353 350 2408 illu
365 2351 481 2424 quidem
490 2352 615 2424 placido
630 2352 706 2410 darc
720 2352 844 2410 uerbere
858 2359 963 2424 punto:

222 2433 276 2492 Est
290 2439 386 2492 tumen
400 2441 429 2493 et
440 2449 542 2492 seusus
556 2440 628 2508 uptu
642 2437 777 2492 ministra
793 2439 857 2492 met.

136 2527 170 2578 ‘to
183 2515 320 2589 Septima
334 2531 396 2576 nox
411 2516 521 2590 agitur,
545 2517 675 2590 spatium
690 2515 762 2575 mihi
780 2517 901 2590 longius
916 2533 1005 2590 anno,

222 2597 390 2658 Sollicitum
404 2601 505 2659 raucis
520 2607 554 2659 ul
568 2615 651 2659 mare
666 2601 762 2658 lervel
779 2601 878 2674 aquis

178 2682 233 2740 His
250 2698 308 2756 ego
327 2685 353 2742 sl
372 2683 433 2742 vidi
447 2685 626 2742 mulcentem
640 2690 766 2758 pectora
782 2699 922 2743 somnum

220 2765 382 2839 Noctibus,
404 2767 503 2826 insani
518 2768 558 2827 sit
572 2781 657 2826 mora
672 2770 765 2840 longa
780 2767 855 2826 treti.

178 2849 268 2922 Rupe
283 2849 395 2914 sedens
412 2851 513 2925 alique
531 2857 637 2924 specto
653 2858 704 2910 tua
718 2851 807 2910 litora
821 2849 924 2921 trisliS,

135 2940 171 2994 30
222 2932 260 2990 Ει
276 2948 336 3006 quo
353 2949 413 2992 non
429 2949 557 3007 possum
573 2950 717 3007 corpore,
741 2941 840 2992 mente
858 2934 948 2992 leror.

178 3015 305 3074 Lumina
320 3017 390 3090 quin
408 3022 497 3076 etiam
513 3029 631 3078 summa
644 3017 801 3091 vigilantia
815 3023 896 3076 turre

221 3102 281 3157 Aut
298 3100 393 3173 videt,
418 3107 468 3159 aut
483 3102 566 3160 acies
583 3109 688 3161 nostra
703 3101 811 3158 videre.
825 3106 918 3174 putul.
979 3127 982 3132 ·

176 3183 234 3240 Ter
249 3183 318 3240 mihi
335 3184 477 3258 deposita
493 3185 584 3243 estin
602 3185 685 3243 sicca
698 3175 793 3243 vestis
810 3183 939 3241 harena:

219 3265 276 3323 Ter
289 3281 382 3340 grave
398 3269 683 3342 temptavi'carpere
698 3269 798 3346 nudus
814 3269 883 3323 iter:

133 3357 167 3410 35
180 3347 298 3408 Obstitit
311 3350 440 3423 inceptis
459 3352 604 3411 tumidum
619 3349 809 3410 iuvenalibus
827 3362 952 3422 aequor,
1053 3397 1055 3402 .

220 3431 323 3492 Mersit
338 3441 367 3506 et
381 3434 510 3494 inversis
527 3450 581 3494 ora
597 3433 726 3492 natantis
742 3432 840 3506 aquis.
