2498 4008
93 211 95 218 ’
141 194 208 257 234
530 130 698 249 namna.
714 188 794 248 AM.

167 355 216 408 115
228 347 384 420 Languor,
407 348 437 402 et
450 339 594 400 inmodici
612 338 668 399 sub
683 339 766 402 nullo
782 340 903 400 vindice
917 340 1028 412 somni,

269 430 423 503 Aleaque,
446 432 475 484 01
489 426 582 483 multo
596 430 735 497 tempora
750 439 866 499 quassa
879 438 964 482 mero

228 512 365 586 Eripiunt
379 523 485 568 omnes
501 508 601 566 animo
617 506 684 565 sine
698 507 824 567 vulnere
839 522 962 566 nervos.

271 592 388 653 Adlluit
403 591 531 652 incautis
545 588 714 649 insidiosus
730 593 835 650 Amor.

229 677 386 737 Desidiam
401 689 478 751 puer
494 675 545 734 ille
560 673 648 748 sequi
663 672 751 733 solet.
774 674 840 732 odit
854 680 991 746 agentes.

166 772 216 824 150
268 761 315 820 Da
333 773 450 818 vacuae
466 758 574 830 menti,
598 771 659 831 quo
674 763 826 830 teneatur,
850 772 940 831 opus.
1017 761 1020 767 '

230 844 306 904 Sunt
320 845 396 903 lora.
419 848 489 901 sunt
502 842 596 915 leges.
619 846 705 912 sunt,
725 855 804 914 quos
818 839 948 912 tuearis,
971 839 1079 900 amieis

270 927 359 986 Vade
374 942 430 1002 per
443 925 579 986 urbanae
595 923 758 998 splendida
773 930 874 982 castra
888 931 989 996 togae.

228 1012 287 1070 Vel
300 1017 333 1070 tu
347 1009 506 1084 sanguinei
520 1006 673 1067 iuvenalia
690 1021 816 1066 munera
829 1006 933 1065 Martis

271 1094 412 1168 Suscipe.
435 1091 564 1151 deliciae
577 1090 637 1150 iam
651 1089 705 1151 tibi
718 1097 805 1164 terga
819 1090 942 1150 dabunt.

165 1177 322 1248 15511000,
344 1178 437 1250 fugax
450 1173 592 1246 Parthus,
612 1174 714 1247 magni
728 1188 811 1233 nova
824 1188 918 1234 causa
934 1171 1089 1246 triumphi,

270 1260 333 1318 lum
349 1257 473 1318 videtin
489 1256 606 1331 campis
623 1256 764 1316 Caesaris
779 1271 863 1314 arma
877 1256 952 1316 suis.

227 1343 325 1402 Vince
340 1341 525 1415 Cupidineas
541 1339 653 1412 pariter
664 1338 854 1414 Parthasque
869 1339 1005 1414 sagittas,

269 1425 306 1483 Et
319 1424 400 1484 refer
413 1423 453 1482 ad
468 1423 584 1497 patrios
598 1421 672 1480 bina
683 1429 812 1497 tropaea
826 1422 914 1483 deos.

227 1508 268 1569 Ut
281 1509 375 1566 semel
389 1506 500 1566 Aetola
514 1506 621 1565 Venus
637 1514 718 1566 esta
733 1505 862 1580 cuspide
875 1508 971 1577 laesa,

165 1600 216 1653 160
267 1591 392 1649 Mandat
406 1588 532 1648 amatori
546 1587 627 1647 bella
641 1588 777 1662 gerenda
794 1604 861 1648 suo.

212 1713 215 1718 -
228 1673 393 1747 Quaeritis,
414 1671 581 1746 Aegisthus
597 1683 691 1745 quare
707 1674 747 1732 sit
762 1673 860 1732 lactus
878 1673 1017 1733 adulteri

270 1757 304 1815 ln
319 1762 463 1831 promptu
479 1761 643 1816 causaest.
666 1756 844 1816 desidiosus
861 1765 934 1816 erat.

226 1839 405 1914 Pugnabant
421 1838 471 1897 alii
488 1839 582 1897 tardis
601 1839 683 1913 apud
698 1839 775 1900 lilon
790 1840 897 1899 armis:

269 1923 475 1982 Transtulerat
489 1923 570 1980 vires
586 1921 715 1982 Graecia
729 1929 792 1982 tota
807 1939 890 1984 suae.

165 2015 215 2068 165
227 2004 300 2064 Sive
315 2021 440 2079 operam
457 2005 546 2065 bellis
563 2005 658 2068 vellet
668 2005 756 2078 dare,
777 2009 859 2066 nulla
873 2007 1013 2080 gerebat:

223 2109 226 2116 ·
270 2087 343 2148 Sive
357 2090 440 2162 loro,
461 2103 593 2148 vacuum
607 2088 709 2148 litibus
723 2091 826 2164 Argos
842 2097 914 2149 erat.

227 2171 316 2245 Quod
333 2171 443 2247 potuit,
466 2187 505 2231 ne
519 2171 561 2230 nil
576 2171 637 2230 illic
652 2180 806 2247 ageretur,
830 2173 949 2233 amavit.

185 2276 246 2366 7‘
270 2254 321 2314 Sic
336 2255 419 2314 venit
433 2254 483 2314 ille
499 2269 587 2329 puer,
611 2254 657 2315 sic
673 2256 813 2330 puerilia
829 2263 937 2316 manet.

227 2338 310 2398 Rura
325 2353 449 2413 quoque
464 2337 615 2399 oblectant
629 2339 747 2398 animos
763 2339 958 2414 studiumque
973 2338 1109 2400 colendi.

163 2428 214 2483 170
268 2421 426 2494 Quaelibet
440 2419 511 2480 huic
526 2436 618 2482 curae
633 2422 745 2481 cedere
759 2438 832 2483 cura
847 2431 958 2497 potest.

228 2505 311 2563 colla
326 2504 396 2563 iube
411 2503 543 2564 domitos
559 2505 644 2564 oneri
659 2505 834 2580 subponere
848 2513 961 2577 tauros,

269 2585 391 2647 Sauciet
404 2597 438 2648 ut
452 2587 558 2648 duram
571 2603 678 2648 vomer
691 2589 830 2650 aduncus
844 2588 982 2650 humum:

228 2667 328 2730 Obrue
342 2677 464 2730 versata
479 2671 606 2730 cerialia
621 2672 737 2732 semina
751 2681 840 2743 terra,

269 2753 353 2826 Quae
367 2753 420 2814 tibi
438 2770 507 2814 eum
520 2755 612 2815 multo
628 2756 754 2816 faenore
767 2756 878 2816 reddat
891 2771 973 2829 ager.

164 2843 213 2896 llo
223 2837 340 2911 Aspice
354 2845 497 2898 curvatos
511 2853 672 2914 pomorum
686 2841 825 2914 pondere
839 2855 953 2912 ramae,

267 2919 307 2978 Ut
321 2936 390 2992 sua,
411 2921 495 2996 quod
509 2923 640 2997 peperit,
664 2924 716 2982 vix
730 2924 807 2982 ierat
821 2922 912 2984 arbor
925 2939 1018 2984 onus.

226 3000 341 3074 Aspice
356 3002 493 3064 labentes
507 3005 641 3066 iucundo
657 3021 810 3068 murmure
824 3005 924 3066 riv0s=

267 3085 383 3159 Aspice
397 3087 559 3146 tondentes
576 3088 673 3148 fertile
687 3104 812 3162 mamert
827 3105 915 3150 oves.

162 3167 320 3311 ‘gom'
344 3175 448 3242 petunt
460 3185 554 3244 rupes
570 3179 795 3249 praeruptaque
809 3189 887 3233 saxa
901 3172 1049 3247 capellae,

162 3260 176 3310 1
266 3251 328 3310 lam
343 3253 474 3312 referent
487 3253 595 3314 haedis
609 3254 704 3315 ubera
718 3259 810 3332 plena
825 3258 900 3318 suis.

225 3333 334 3393 Pastor
348 3333 500 3410 inaequali
512 3338 688 3398 modulatur
702 3340 851 3400 arundine
867 3353 999 3412 carmen,

155 3443 163 3448 -
267 3415 329 3473 Nee
345 3417 455 3479 desunt
469 3420 609 3492 comites,
631 3421 857 3497 sedulaturba,
878 3437 983 3482 cenes.
