2498 4008
328 246 370 318 11,
395 241 591 340 aas-7746.
623 243 835 318 111,1-56.
1034 247 1099 309 aus

158 400 232 460 Fata
245 397 443 457 Pheretiadae
458 397 591 457 coniunx
605 395 735 470 Pagasia
748 397 889 458 redemit:

116 494 151 545 20
203 482 329 541 Prouiro
343 487 391 540 est
404 497 481 540 uxor
496 481 600 540 funere
615 479 676 540 lata
690 480 758 539 viri.

160 565 289 639 ‘Accipe
303 580 366 637 me,
391 564 549 638 Capaneu!
572 563 691 624 eineres
706 563 915 624 miscebimus'
931 565 1029 640 inquit

200 648 317 724 Iphias,
340 649 370 706 in
385 647 504 707 medios
521 647 704 724 desiluitque
720 662 825 722 rogos.
1022 679 1045 718 0

158 735 230 808 Ipsa
247 747 369 806 quoque
385 737 414 791 et
429 733 511 790 cultu
526 736 574 790 est
589 737 618 790 et
632 732 754 800 nomine
771 732 882 790 lemine
897 732 1019 792 Virtuss

199 817 267 875 Non
283 814 405 886 mirum,
428 813 585 889 populosi
599 815 701 890 placet
715 814 766 874 illa
784 830 851 874 suo.

117 911 150 962 25
162 901 225 960 Nee
241 907 341 960 tamen
358 898 416 956 hae
432 904 548 957 mentes
564 906 670 958 nostra
683 905 853 974 poscuntur
869 897 907 957 ab
923 903 1000 958 arte:

201 983 391 1042 Conveniunt
407 981 534 1040 cumbae
547 981 618 1041 vela
632 981 751 1042 minora
763 997 860 1040 meae.

159 1067 205 1125 Nil
221 1066 279 1136 nisi
293 1065 400 1124 lascivi
414 1079 470 1138 per
485 1079 534 1122 me
549 1064 707 1124 discuntur
721 1079 852 1124 amores.

200 1147 339 1219 Femina,
350 1174 352 1178 r
361 1147 562 1220 praecipiam,
585 1163 646 1222 quo
662 1147 701 1206 sit
716 1146 846 1210 amanda
860 1147 964 1205 modo.

158 1230 282 1290 Femina
297 1244 354 1288 nee
369 1227 508 1288 flammas
524 1245 582 1288 nee
598 1244 711 1288 saevos
726 1229 850 1288 discutit
868 1243 969 1288 arcus.
1052 1293 1054 1300 ,

116 1323 151 1376 30
204 1313 335 1372 Parcius
345 1312 422 1372 haee
438 1311 529 1372 video
544 1313 606 1372 tela
620 1327 732 1372 nouere
746 1310 832 1371 viris.

159 1397 262 1470 Saepe
278 1394 466 1458 viritallunt.
487 1402 612 1456 tenerae
626 1413 687 1456 non
704 1410 799 1470 saepe
813 1395 949 1470 puellae=

200 1480 378 1554 Paucaque,
400 1479 428 1538 si
443 1495 591 1555 quaeras,
614 1479 740 1540 arinrina
754 1479 870 1540 fraudis
883 1477 1006 1538 habent.

157 1563 333 1622 Phasidiam
348 1569 472 1621 matrem
488 1563 582 1621 fallax
596 1563 709 1623 dimisit
722 1563 809 1622 Iasos

201 1646 293 1705 Venit
307 1645 338 1703 in
351 1645 507 1704 Aesonios
524 1645 620 1704 altera
634 1652 728 1721 nupta
741 1646 839 1716 sinus.
904 1641 908 1649 ’

116 1740 150 1792 35
162 1729 313 1804 Quantum
328 1728 358 1787 in
373 1733 416 1800 te,
439 1727 575 1807 Theseu,
594 1729 738 1788 volueres
752 1729 891 1789 Ariadna
904 1729 1036 1788 marinas

200 1813 300 1886 Pavit,
323 1807 354 1870 in
369 1811 472 1886 ignoto
490 1813 558 1872 sola
573 1809 679 1871 r'elio'ta
693 1805 774 1873 loeo.

159 1895 292 1969 Quaere,
316 1911 430 1954 novem
448 1910 502 1954 eur
517 1908 579 1954 una
593 1894 663 1954 viae
680 1893 832 1967 dieantur,
856 1903 886 1954 et
900 1895 972 1955 audi

201 1980 358 2054 Depositis
374 1979 468 2038 silvas
482 1977 623 2056 Phyllida
637 1977 733 2038 flesse
745 1977 855 2037 eomis.

158 2063 196 2123 Et
210 2064 321 2130 lamam
337 2063 456 2138 pietatis
471 2061 578 2136 habet,
600 2069 701 2122 tamen
715 2062 833 2136 hospes
848 2069 878 2120 et
892 2075 997 2122 ensem

117 2157 152 2210 40
205 2145 346 2206 Praebuit
361 2153 391 2206 et
406 2161 532 2206 eausam
545 2145 666 2218 mortis,
688 2146 805 2218 Elissa,
826 2152 906 2206 tuae.

160 2229 239 2304 Quid
255 2243 313 2288 vos
328 2229 508 2304 perdiderit,
531 2229 653 2289 dieamt
673 2225 816 2290 neseistis
832 2243 949 2288 amare:

201 2312 302 2373 Deluit
315 2327 366 2372 ars
380 2313 481 2372 vobis.
505 2319 569 2372 arte
583 2314 843 2388 perennat'arnor:
966 2317 969 2320 '

98 2441 100 2446 ,
159 2396 246 2456 Nune
262 2411 384 2471 quoque
398 2395 563 2457 nescirent.
590 2396 661 2456 Sed
675 2411 724 2456 me
740 2395 892 2474 Cytherea
906 2395 1019 2455 docere

201 2479 309 2553 lussit,
332 2486 362 2539 et
375 2485 445 2539 ante
462 2481 571 2540 oeulos
587 2479 722 2540 constitit
735 2481 805 2555 ipsa
819 2493 916 2540 meos.

118 2571 152 2623 45
163 2563 237 2621 Tum
252 2562 325 2634 mihi
339 2562 430 2637 ‘Quid
443 2564 586 2648 miserae’
603 2563 679 2623 dixit
695 2567 847 2624 ‘meruere
863 2563 1005 2638 puellaaa

201 2645 340 2705 Traditur
355 2647 477 2706 armatis
493 2647 602 2721 vulgus
618 2646 733 2707 inerme
746 2645 832 2706 viris.

159 2729 233 2788 lllos
248 2728 381 2790 artifices
395 2730 508 2804 gemini
519 2731 625 2792 leeere
639 2731 746 2790 libelli=

201 2812 285 2871 Haeo
301 2827 425 2888 quoque
439 2829 512 2889 pars
527 2813 650 2874 monitis
666 2807 918 2876 etudiendatuis.

159 2894 276 2955 Probra
287 2896 507 2972 Therapnaeae
522 2897 575 2973 qui
592 2898 710 2958 dixerat
725 2903 795 2958 ante
811 2897 947 2971 maritae,

118 2988 154 3040 50
205 2977 279 3039 Mox
294 2979 404 3040 cecinit
416 2980 524 3042 laudes
540 2983 737 3057 prosperiore
752 2984 832 3058 lyra.

11 3119 17 3128 .
85 3089 87 3093 ·
162 3060 194 3121 Si
207 3059 287 3122 bene
302 3069 332 3124 te
347 3063 453 3124 novi...
469 3062 620 3126 cultas‘ne
634 3066 724 3126 laede
738 3065 894 3141 puellasl..

204 3145 320 3221 Gratia,
343 3148 415 3208 dum
429 3147 534 3222 vivae,
556 3149 616 3208 ista
629 3149 762 3223 petenda
778 3148 831 3208 tibi
848 3150 917 3208 est’

159 3228 255 3302 Dixit,
280 3236 310 3290 et
324 3247 342 3290 e
355 3237 487 3308 myrto...
503 3238 603 3308 myrto
618 3247 688 3292 nam
704 3233 804 3291 vineta
817 3229 947 3306 capillos
1028 3288 1032 3296 ,

203 3312 416 3375 constiterat...
434 3314 539 3376 lulium
553 3331 712 3392 granaque
726 3329 826 3394 pauca
841 3313 934 3374 dedit.

117 3393 324 3458 assensimus
340 3399 477 3474 aeeeplls
491 3415 603 3458 numen
619 3414 753 3476 quoque.
776 3397 882 3474 purior
896 3397 1001 3458 aether

202 3478 311 3555 Fulsit,
336 3489 366 3544 et
380 3498 398 3542 e
412 3489 475 3542 toto
491 3490 618 3558 pectore
632 3483 727 3544 cessit
741 3497 829 3542 onus.

116 3576 199 3620 ovio.
221 3563 261 3621 Ι.-
367 3617 369 3620 .
568 3647 570 3652 ,
901 3571 936 3624 14
