2472 4010
1097 153 1111 179 ἱ

450 215 784 288 ΙΙΙ,8,36-9.44.
1084 215 1127 278 59
1153 208 1170 234 “’

189 369 284 442 Ecce,
308 385 385 442 puer
400 369 530 428 Veneris
548 369 605 428 lert
619 383 824 443 eversamque
840 370 1013 444 pharetram

230 453 268 512 Et
282 455 396 512 lractos
412 467 502 511 arcus
520 461 549 512 et
564 453 631 512 sine
647 455 715 512 lace
731 454 839 514 lacem.
870 505 871 510 ,

183 537 319 612 Aspice,
344 537 488 597 demissis
506 543 539 596 ut
553 544 602 596 eat
618 537 800 596 miserabilis
815 539 888 608 alis,

147 632 182 683 10
234 620 423 696 Pectoraque
437 622 547 680 infesta
564 621 672 681 tundat
689 627 797 696 aperta
811 638 911 680 manu.

189 706 354 780 Excipiunt
369 703 510 764 lacrimas
527 706 628 780 sparsi
644 721 700 780 per
716 705 796 764 colla
811 705 928 780 capilli,

233 788 355 864 Oraque
372 789 713 862 singultuconcutiente
728 796 850 848 sonant.

188 871 301 932 Fratris
321 873 349 931 in
365 875 491 932 Aeneae
507 873 554 932 sic
570 875 653 932 illum
672 875 777 932 sunere
792 874 896 933 dicunt

230 957 396 1030 Egressum
414 957 517 1030 tectis,
540 957 668 1030 pulcher
683 957 760 1027 lule,
783 957 853 1016 tuis.

146 1049 179 1100 15
191 1039 253 1098 Nec
268 1039 367 1098 minus
384 1045 432 1097 est
447 1041 576 1099 conl'usa
591 1041 698 1098 Venus
715 1041 862 1100 moriente
877 1039 1011 1114 Tibullo,

231 1123 324 1195 Quam
341 1122 443 1181 iuveni
457 1125 538 1197 rupit
554 1138 623 1180 cum
638 1123 722 1182 leros
736 1123 848 1196 inguen
865 1139 950 1196 aper.

189 1209 229 1265 At
244 1205 323 1264 sacri
337 1213 425 1265 vates
443 1214 473 1265 et
487 1206 590 1264 divum
605 1221 678 1264 cura
696 1215 857 1266 vocamur!

231 1288 306 1348 Sunt
322 1290 428 1364 etiam,
450 1290 502 1363 qui
519 1306 577 1350 nos
592 1305 704 1349 numen
719 1288 833 1349 habere
850 1297 969 1364 putent!

188 1372 311 1433 Scilicet
328 1389 417 1432 omne
433 1389 552 1433 sacrum
570 1390 652 1433 mors
671 1374 833 1448 inportuna
848 1374 997 1449 profanat.

144 1467 180 1518 20
234 1457 380 1516 Omnibus
396 1457 546 1517 obscuras
564 1458 648 1516 inicit
661 1458 713 1516 illa
726 1474 845 1518 manus.

188 1540 265 1613 Quid
282 1549 369 1614 pater
382 1541 524 1613 ismario,
546 1542 620 1616 quid
636 1550 730 1600 mater
745 1543 858 1616 proluit
875 1541 1018 1616 Orplreo‘l

230 1625 368 1683 Carmine
386 1625 458 1698 quid
475 1624 574 1684 victas
591 1625 779 1700 obstipuisse
795 1627 897 1686 ieras?

188 1709 317 1768 Aelinon
338 1709 368 1768 in
386 1709 471 1767 silvis
485 1707 565 1766 idern
581 1715 681 1782 pater,
705 1712 842 1782 aelmon,
862 1711 930 1769 altis

228 1793 343 1852 Dicitur
359 1792 452 1851 invita
467 1793 661 1851 concinuisse
676 1795 753 1869 lyra.

145 1886 179 1938 25
190 1876 287 1936 Adice
306 1876 503 1946 Maeoniden,
530 1893 638 1950 aquo,
660 1891 716 1935 ceu
733 1877 817 1936 sonte
834 1878 974 1951 perenni,

183 1961 184 1964 ’
228 1961 256 2016 V
259 1965 340 2019 atum
356 1959 461 2018 Pieriis
480 1958 534 2019 ora
550 1961 684 2038 rigantur
700 1962 800 2034 aquis.

187 2045 272 2104 Hunc
291 2061 415 2118 quoque
431 2059 548 2103 summa
564 2045 631 2102 dies
647 2045 733 2118 nigro
752 2045 916 2104 submersit
931 2051 1069 2104 Avernor

227 2127 396 2202 Diffugiunt
411 2128 520 2188 avidos
538 2129 672 2186 carmina
689 2131 756 2188 sola
770 2145 873 2202 rogos.

186 2212 280 2271 Durat
295 2228 373 2286 opus
391 2221 506 2271 vatum:
528 2212 650 2272 Troiani
666 2213 746 2270 lama
764 2210 890 2282 laboris,

142 2303 178 2356 30
230 2297 391 2369 Tardaque
408 2303 555 2356 nocturno
573 2297 633 2354 tela
648 2302 766 2355 retexta
780 2295 869 2355 dolo:

187 2377 238 2439 Sic
251 2380 390 2440 Nemesis
407 2381 546 2454 longum,
572 2380 615 2438 sic
630 2380 715 2438 Delia
731 2395 842 2438 nomen
858 2377 1027 2451 habebunt,

227 2464 331 2522 Altera
345 2480 417 2522 cura
431 2479 555 2534 recem,
579 2465 675 2522 altera
691 2461 806 2537 primus
822 2479 917 2522 amor.

186 2547 263 2618 Quid
278 2564 335 2606 vos
352 2563 439 2606 sacra
455 2549 580 2606 iuvant?
602 2548 675 2622 quid
692 2562 771 2606 nunc
786 2548 940 2624 Aegyptia
957 2550 1085 2620 prosunt

228 2629 347 2690 Sistrat
368 2631 441 2704 quid
456 2631 486 2688 in
501 2645 600 2691 vacuo
618 2631 798 2690 secubuisse
811 2637 900 2690 toro?

92 2774 95 2779 .
141 2721 175 2774 35
188 2713 262 2774 Cum
276 2715 396 2788 rapiant
410 2716 489 2773 mala
506 2715 565 2773 lata
580 2716 729 2786 bonos...
749 2713 898 2788 ignoscite
913 2713 999 2772 lasso

194 2819 195 2824 ¹
225 2796 380 2860 Sollicitor
393 2799 493 2858 nullos
510 2813 581 2858 esse
599 2805 705 2873 putare
719 2799 809 2864 deos,

182 2873 261 2946 ¹Vive
277 2883 362 2956 pius,
385 2883 525 2941 moriere.
558 2883 627 2956 pius
643 2884 712 2942 cole
726 2897 832 2952 sacra,
855 2882 1006 2941 colentem

223 2965 307 3025 Mors
324 2967 427 3040 gravis
442 2983 460 3025 a
473 2967 594 3040 templis
609 2966 638 3024 in
658 2960 735 3026 cava
752 2966 842 3026 busta
856 2965 964 3026 trahet.

183 3049 371 3110 Canninibus
389 3051 511 3111 confide
526 3051 627 3110 bonis.
660 3051 752 3124 iacet,
772 3066 861 3123 ecce,
880 3049 1033 3109 Tibullus:

140 3138 175 3191 40
228 3133 288 3192 Vix
303 3143 406 3194 manet
423 3152 441 3194 e
455 3141 519 3194 loto
535 3151 631 3209 parva
646 3135 729 3210 quod
746 3151 821 3194 urna
838 3123 929 3207 c'apit.

182 3217 278 3289 Tene,
303 3233 391 3276 sacer
406 3225 508 3288 vates
533 3218 674 3277 flammae
689 3233 821 3292 rapuere
837 3219 975 3290 rogales,

223 3299 401 3361 Pectoribus
419 3304 505 3376 pasci
522 3315 578 3359 nec
593 3303 719 3360 timuere
732 3301 814 3359 tuis?

180 3385 284 3443 Aurea
302 3392 477 3444 sanctorum
493 3385 666 3459 potuissent
683 3384 796 3456 templa
811 3383 938 3441 deorum

223 3466 333 3540 Urere,
357 3477 568 3542 quaerentum
585 3467 758 3526 sustinuere
776 3466 875 3524 nefas.

1227 2719 1229 2792 r
