2498 4008
140 243 202 308 170
500 239 638 302 ARTIS
660 239 798 299 Amas.

225 400 287 457 Aut
299 396 351 456 ubi
365 394 541 456 muneribus
557 396 618 454 nati
632 411 690 454 sua
703 407 829 453 munera
845 399 942 451 mater

178 491 218 546 ’70
269 475 410 552 Addidit,
431 484 557 538 externo
574 481 724 538 marmore
739 478 826 536 dives
845 490 935 549 opus,

147 601 152 612 κ
225 565 287 624 Nec
304 563 358 622 tibi
371 563 480 623 vitetur
497 578 589 636 quae,
613 561 723 636 priscis
739 575 849 634 sparsa
863 558 992 634 tabellis,

266 647 403 706 Porticus
418 646 550 706 auctoris
565 646 651 703 Livia
665 659 774 704 nomen
790 642 895 700 habet:

225 729 352 804 Quaque
365 743 474 802 parare
489 744 595 788 necem
612 727 730 787 miseris
746 725 932 800 patruelibus
947 741 1043 786 ausae

267 812 435 872 Belides-et
449 812 552 870 stricto
569 819 628 870 stat
642 812 724 869 ferus
740 825 815 871 ense
830 817 924 882 pater.

180 905 218 958 '75
228 895 291 955 Nec
305 903 335 964 te
350 903 520 969 praetereat
532 895 645 953 Veneri
660 896 796 968 ploratus
811 892 940 964 Adonis,

268 979 413 1051 Cultaque
427 977 540 1037 Iudaeo
557 978 686 1050 septima
700 991 789 1035 saera
804 974 894 1050 Syro.

225 1063 288 1121 Nec
303 1063 374 1135 fuge
388 1061 533 1134 linigerae
547 1059 740 1134 Memphitica
753 1060 867 1132 templa
881 1059 1039 1117 iuvencae.

269 1145 378 1204 Multas
394 1145 445 1202 illa
459 1145 543 1214 facit,
564 1144 648 1217 quod
662 1143 716 1202 fuit
730 1142 802 1216 ipsa.
812 1142 887 1200 lovi.

227 1228 264 1287 Et
281 1228 348 1286 lora
362 1227 577 1285 conveniunt..
593 1226 661 1300 quis
677 1227 802 1284 credere
819 1227 956 1299 possita.
972 1225 1097 1283 Amori:

181 1321 220 1374 80
270 1310 466 1384 Flammaque
479 1310 510 1368 in
528 1318 634 1384 arguto
650 1325 745 1384 saepe
760 1315 880 1382 reperta
895 1310 973 1368 foro.

228 1393 355 1454 Subdita
371 1409 431 1468 qua
443 1392 574 1452 Veneris
589 1393 668 1452 facto
685 1393 723 1451 de
738 1407 887 1451 marmore
902 1390 1014 1466 templo

269 1476 387 1550 Appias
403 1473 561 1551 cupressis
577 1480 648 1534 abra
664 1477 765 1551 pulsat
782 1477 879 1550 aquis,

228 1560 282 1618 Illo
301 1574 395 1633 saepe
409 1560 478 1619 loco
497 1559 614 1633 capitur
629 1561 785 1620 consultus
801 1560 915 1631 Amori,

270 1642 387 1716 Quique
402 1641 469 1702 aliis
487 1642 580 1714 cavit,
604 1659 663 1702 non
681 1649 770 1701 cavet
784 1643 851 1716 ipse
868 1643 940 1700 sibi:

178 1725 283 1788 851110
299 1741 393 1799 saepe
408 1725 477 1786 loco
493 1725 606 1785 desunt
621 1742 677 1786 sua
690 1725 786 1784 verba
803 1727 926 1796 diserto,

269 1809 394 1880 Resque
408 1824 508 1868 novae
522 1809 660 1880 veniunt,
684 1825 840 1883 causaque
857 1807 977 1881 agenda
992 1811 1124 1865 sua-est

227 1890 315 1950 Hunc
329 1893 434 1950 Venus
450 1905 467 1950 e
481 1892 618 1965 templis,
639 1907 718 1965 quae
736 1899 806 1952 sunt
820 1891 965 1960 confinia,
987 1889 1077 1950 ridet.

70 2030 77 2037 .,
271 1974 327 2050 Qui
342 1971 610 2068 nrodoffi'bonus,
634 1975 1016 2058 nuncoupitessecliens.

161 2115 165 2123 ,
228 2056 290 2116 Sed
306 2064 338 2115 tu
352 2050 954 2131 praecipi‘d't'attisbettare''ttreautse··-·

180 2149 221 2201 00
272 2140 356 2198 Haec
370 2140 438 2200 loca
454 2148 525 2199 sunt
541 2147 611 2200 voto
626 2141 771 2201 fertiliora
784 2151 846 2201 tuo.
947 2135 954 2144 “

227 2222 291 2281 lllic
309 2223 446 2282 invenies
463 2225 545 2297 quod
561 2240 660 2296 ames,
685 2225 768 2298 quod
783 2225 888 2284 ludere
903 2225 1016 2297 possis

270 2305 420 2380 Quodque
436 2307 531 2366 semel
544 2314 667 2380 tangas,
690 2307 834 2381 quodque
849 2314 951 2365 tenere
968 2307 1056 2366 volis.

227 2389 266 2448 Ut
280 2388 358 2447 redit
372 2389 454 2462 itque
469 2391 613 2462 frequens
629 2393 751 2464 longum
769 2390 895 2449 furmina
912 2404 965 2463 per
981 2405 1101 2463 agmen,

270 2470 426 2532 Granifero
443 2473 563 2532 solitum
579 2488 646 2532 cum
661 2473 743 2532 vehit
758 2489 810 2532 ore
827 2474 935 2543 cibum,

179 2561 218 2614 05
231 2555 292 2612 Aut
305 2560 338 2612 ut
351 2569 426 2628 apes
442 2556 600 2630 saltusque
615 2572 689 2616 suos
705 2565 735 2615 et
749 2556 859 2615 olentia
874 2564 981 2614 nactae

267 2635 387 2695 Pascua
403 2653 458 2712 per
471 2637 565 2698 flores
581 2647 610 2698 et
624 2639 729 2716 thyma
743 2655 862 2699 summa
877 2640 989 2710 volant,

228 2718 278 2778 Sic
293 2721 351 2779 ruit
363 2722 394 2778 in
410 2721 546 2780 celebres
563 2723 731 2781 cultissima
745 2723 856 2781 femina
870 2722 970 2780 ludos.

269 2801 364 2877 Copia
380 2803 522 2862 iudicium
538 2820 631 2880 saepe
646 2813 762 2864 morata
777 2821 877 2864 meum
893 2813 948 2864 est.

227 2883 400 2959 Spectatum
416 2887 555 2958 veniunt,
578 2889 704 2948 veniunt
718 2896 892 2963 spectentur
904 2895 937 2949 ut
950 2889 1050 2962 ipsae.

162 2974 215 3026 100
266 2967 320 3026 Ille
333 2970 419 3028 locus
435 2968 511 3028 casti
527 2971 637 3030 damna
651 2971 777 3046 pudoris
792 2971 893 3031 babet.

226 3049 343 3110 Primus
360 3051 507 3112 sollicitos
523 3055 635 3127 fecisti,
657 3055 800 3126 Romule,
824 3055 924 3127 ludos

269 3132 342 3192 Cum
357 3134 431 3194 iuvit
444 3136 554 3195 viduos
568 3145 656 3212 rapta
671 3137 785 3198 Sabina
800 3136 894 3197 viros.

223 3214 307 3274 Tunc
322 3232 422 3291 neque
437 3234 606 3279 marmoreo
619 3220 798 3304 pendebant
812 3222 881 3280 vela
896 3221 1024 3293 theatro,

265 3299 328 3358 Nec
343 3300 461 3362 fuerant
474 3302 591 3374 liquido
607 3303 724 3378 pulpita
738 3305 831 3363 rubra
846 3319 947 3364 croco.
995 3343 996 3346 κ

158 3388 212 3440 105
223 3381 287 3440 lllic
303 3397 380 3455 quas
393 3386 523 3444 tulerant
537 3400 699 3456 nemorosa
713 3386 842 3459 Palatia,
866 3387 992 3445 frondes

254 3463 451 3537 Simpliciter
463 3467 599 3541 positae,
622 3484 735 3529 scaena
749 3471 815 3545 sine
830 3476 894 3530 arte
909 3470 973 3529 fuit.

1182 546 1195 594 ἓ
