2498 4008
133 210 197 276 242
258 229 261 237 ·
511 215 678 279 Roman.
704 215 778 280 An.

218 366 274 441 Qui
289 366 348 426 sibi
360 364 420 428 iam
434 366 553 442 pridem
567 368 685 448 solacia
699 367 770 430 bina
786 368 914 446 paravit,

153 457 206 512 450
257 451 322 510 lam
336 450 456 526 pridem
471 467 590 512 summe
605 453 747 514 victorin
764 469 835 514 arce
850 455 913 513 luit.

217 534 256 593 nt
272 533 341 607 tibi,
364 535 416 608 qui
434 535 528 596 fueris
543 535 685 596 dominae
700 537 779 596 male
795 537 928 596 creditus
943 539 1004 612 uni,

257 616 344 677 Nunc
358 619 467 677 saltem
479 634 580 680 novus
588 626 643 679 ‘est
656 619 858 679 inveniendus
875 636 971 680 amor.

140 700 142 704 ’
214 699 384 775 Pasiphaes
399 701 499 762 Minos
514 703 544 762 in
558 702 709 777 Prognide
722 703 855 777 perdidit
868 705 972 778 ignes=
1113 740 1154 758 ..

259 782 358 844 Cessit
371 784 409 843 ab
425 784 519 844 Idaea
533 786 663 860 coniuge
676 787 757 846 victa
772 786 865 860 prior.

151 873 203 927 455
213 866 408 940 Amphilochi
423 869 515 928 irater
529 885 568 928 ne
580 868 717 944 Phegida
731 884 854 944 semper
869 877 991 947 amaret,

258 949 409 1010 Callirhoe
423 950 494 1011 lecit
507 959 594 1026 parte
607 958 731 1027 recepta
745 954 814 1011 tori.

214 1031 252 1094 Et
266 1032 355 1093 Parin
371 1033 496 1094 Oenone
511 1051 648 1096 summos
664 1036 814 1096 tenuisset
828 1035 868 1096 ad
883 1053 989 1112 annos,

258 1115 291 1176 Si
305 1131 367 1176 non
383 1117 509 1178 Oebalia
522 1116 621 1194 pelice
634 1120 720 1178 laesa
735 1119 823 1180 foret.

216 1199 358 1274 Coniugis
376 1200 510 1277 Odrysio
525 1202 697 1276 placuisset
706 1203 804 1262 lorma
818 1209 965 1280 tyrannm

150 1289 202 1346 460
255 1282 319 1342 Sed
335 1284 442 1345 melior
456 1286 580 1345 clausae
595 1286 693 1345 forma
707 1286 825 1344 sororis
840 1293 913 1345 erat.

215 1365 293 1440 Quid
308 1381 411 1426 moror
424 1367 590 1443 exempliS,
614 1383 744 1442 quornm
761 1383 811 1428 me
824 1367 913 1428 turba
927 1368 1051 1444 fatigati,

256 1448 445 1511 Successore
461 1465 543 1510 novo
559 1450 689 1510 vincitur
703 1451 803 1511 omnis
821 1467 915 1512 amor.
981 1485 983 1488 -

213 1532 334 1592 Fortius
350 1549 367 1593 e
381 1531 482 1594 multis
498 1540 594 1593 mater
609 1534 765 1594 desiderat
778 1551 881 1610 unum,

258 1615 352 1690 Quam
371 1632 450 1691 quae
464 1615 543 1676 llens
561 1619 670 1678 clamat
687 1622 732 1678 ‘tu
746 1619 818 1678 mihi
833 1621 919 1678 solus
935 1622 1028 1678 eras’

150 1707 201 1763 465
211 1699 249 1759 Et
263 1715 302 1759 ne
317 1701 395 1760 sorte
409 1707 498 1776 putes
514 1715 596 1761 nova
611 1717 661 1760 me
675 1702 729 1762 tibi
744 1703 878 1763 condere
894 1703 1005 1775 iura,..:
1051 1745 1053 1750 ,

255 1784 356 1859 Atque
369 1785 483 1844 utinam
497 1784 612 1845 inventi
629 1785 725 1860 gloria
738 1793 844 1846 nostra
859 1786 984 1846 iorett...

213 1865 298 1927 Vidit
311 1867 344 1926 id
359 1867 492 1928 Atrides
516 1868 591 1944 quid
608 1869 688 1930 enim
702 1885 764 1929 non
778 1868 830 1930 ille
844 1869 970 1943 videret,

256 1950 347 2011 Cuius
363 1951 394 2010 in
410 1951 533 2012 arbitrio
550 1953 678 2012 Graecia
693 1958 758 2014 tota
774 1953 852 2012 luite

213 2033 309 2093 Marte
325 2049 381 2094 suo
398 2041 519 2110 captam
535 2035 708 2115 Chryseida
723 2036 821 2096 victor
835 2035 964 2094 amabat.

151 2123 202 2179 470
254 2118 296 2177 nt
310 2117 414 2178 senior
428 2119 518 2178 stulte
533 2115 627 2178 flebat
641 2118 755 2193 ubique
769 2127 866 2192 pater.

214 2200 291 2275 Quid
305 2201 463 2273 lacrimas,
487 2201 596 2263 odiose
613 2208 732 2262 senext
764 2201 850 2262 Bene
865 2201 1006 2263 convenit
1019 2202 1094 2262 illis:
1213 2271 1214 2274 Ἴ

256 2283 364 2344 Officio
381 2291 482 2344 natam
496 2285 610 2360 laedis,
631 2285 749 2361 inepte,
772 2292 835 2347 too.
921 2312 925 2318 ·
997 2310 1001 2316 ’-

214 2368 307 2442 Quam
322 2376 488 2444 postquam
502 2368 591 2429 reddi
607 2369 748 2441 Calchas,
772 2385 832 2444 ope
846 2375 927 2430 tutus
941 2367 1081 2442 Achillia,

255 2452 405 2523 Iusserat,
429 2459 459 2512 et
472 2451 571 2527 patria
585 2460 633 2512 est
646 2453 698 2513 illa
712 2455 838 2528 recepta
853 2453 955 2527 domo,

149 2542 200 2597 475
212 2533 291 2594 ‘Est'
306 2534 347 2594 ait
362 2534 484 2594 Atrides
501 2535 594 2595 ‘illius
609 2537 749 2610 proxima
765 2537 871 2610 torma,

255 2617 306 2690 Et,
330 2618 357 2678 si
372 2618 470 2694 prima
484 2618 564 2679 sinat
578 2619 714 2698 syllaba,
735 2634 847 2680 nomen
862 2619 958 2678 idem=

212 2701 299 2761 Hane
310 2701 401 2774 mihi,
423 2701 449 2761 si
465 2703 579 2778 sapiat,
600 2719 657 2778 per
671 2719 705 2762 se
720 2703 870 2765 concedat
883 2701 1036 2763 Achilles=

255 2784 289 2844 Si
304 2786 419 2859 minus,
442 2786 602 2861 imperium
617 2787 726 2846 sentiat
739 2787 791 2846 ille
803 2801 913 2846 meum.

213 2867 302 2942 Quod
318 2869 415 2943 siquis
429 2876 565 2930 vestrum
580 2871 693 2930 lactum
708 2869 768 2930 hoc
783 2871 919 2944 incusat,
941 2866 1057 2942 Achivi,

148 2960 202 3016 loo
253 2951 309 3010 Est
323 2952 439 3027 aliquid
454 2953 556 3012 valida
571 2961 694 3029 sceptra
707 2960 812 3015 tenere
827 2969 930 3013 manu.

211 3034 287 3095 Nam
302 3037 328 3095 si
341 3050 397 3094 rex
411 3051 469 3110 ego
486 3053 567 3112 sum,
586 3053 643 3098 nee
657 3054 776 3102 mecum
788 3038 920 3098 dormiat
933 3034 1002 3110 ulla,
1081 3068 1083 3073 -

253 3120 289 3177 ln
303 3133 371 3178 mea
384 3118 539 3180 Thersites
554 3135 663 3196 regna,
686 3121 804 3196 licebit,
827 3124 899 3181 eat'

130 3277 134 3280 V
211 3201 309 3277 Dixit,
332 3210 362 3268 et
375 3201 455 3262 hano
470 3201 576 3265 habuit
591 3205 707 3266 solacia
721 3221 833 3281 magna
847 3205 970 3281 prioris

254 3287 291 3346 tlt
309 3287 411 3362 posita
424 3293 473 3366 est
488 3303 561 3350 cura
576 3304 649 3351 cura
666 3291 791 3365 repulsa
802 3304 895 3349 nova.

148 3376 199 3429 485
210 3367 290 3442 Ergo
307 3369 435 3430 adsume
450 3387 548 3432 novas
565 3379 689 3434 auctore
703 3374 937 3449 Agamemnone
954 3369 1105 3441 flammas,

255 3451 294 3511 Ut
307 3458 377 3513 tuus
392 3454 423 3514 in
436 3453 519 3516 bivio
536 3456 713 3516 distineatur
727 3473 822 3518 amor.
