2488 4006
91 291 95 306 ,
171 222 215 290 ll
558 223 807 288 HEROIDES.

258 377 336 452 Quid
351 393 463 454 precor
476 377 604 440 11111111
624 382 654 436 11
671 376 732 434 iam
747 382 829 436 tenet
843 377 938 435 altera
953 376 1090 437 coniunx
1123 385 1125 388 ·

298 461 439 522 Forsitan
455 469 485 522 ot
499 461 590 522 nobis
606 459 661 536 qui
673 459 753 522 male
766 460 855 535 lavit,
874 474 980 528 amm:

192 556 242 609 1115
254 547 355 619 thue
372 545 426 605 tibi
443 545 628 618 excidimus,
652 543 781 616 nullam,
804 549 895 617 puto,
914 541 1055 618 Phyllida
1073 545 1169 605 nosti.

298 628 335 688 Ei
352 629 440 704 mihi,
462 629 506 702 si,
529 643 609 704 quae
625 627 681 686 sim
696 626 812 703 Phyllis
828 632 858 686 et
872 625 969 699 unde,
992 643 1096 702 rogas.

256 712 340 786 Quae
354 713 424 787 tibi,
441 712 659 786 Demophoon!
680 709 781 783 longis
797 709 952 770 erroribus
970 719 1038 772 acto
1169 717 1174 724 “

297 797 455 856 Thmicios
468 803 576 870 portus
590 793 819 868 hospitiumque
835 793 916 866 dedi,

245 879 346 941 ,Cuius
363 895 439 953 opes
456 894 570 939 auxere
586 892 687 950 meac,
710 877 758 937 cui
772 877 861 936 dives
874 877 974 950 egenti
1070 895 1072 900 ¹

190 973 242 1025 110
294 963 421 1023 Munera
436 963 529 1022 multa
543 961 632 1034 dedi,
653 961 749 1020 multa
760 960 869 1019 datura
882 961 939 1018 lui:

255 1046 339 1120 Quae
353 1046 407 1106 tibi
423 1045 540 1106 subieci
554 1041 703 1105 latissima
718 1059 813 1118 regna
826 1043 968 1120 Lycurgi,

295 1130 423 1190 Nomine
440 1128 570 1188 femineo
584 1128 638 1186 vix
654 1125 730 1186 satis
746 1134 818 1201 apta
831 1127 906 1201 regi,

254 1212 320 1286 Qua
335 1220 418 1287 patet
433 1211 611 1272 umbrosum
624 1210 777 1284 Rhodope
792 1210 929 1284 glacialis
945 1211 985 1270 ad
998 1212 1161 1287 Haemum,

294 1295 332 1355 Et
347 1311 437 1371 sacer
451 1296 603 1354 admissas
621 1293 715 1368 exigit
728 1293 849 1365 Hebrus
864 1309 979 1367 aquas:

190 1389 240 1440 115
253 1379 306 1439 Cui
322 1395 390 1439 mea
404 1379 561 1452 virginitas
578 1377 687 1438 avibus
701 1377 795 1460 libata
809 1377 950 1450 sinistris,

296 1461 448 1537 Castaque
462 1461 561 1520 fallaci
577 1477 656 1521 zona
668 1461 803 1520 recincta
817 1477 917 1522 manu.

251 1545 394 1604 Pronuba
406 1545 571 1626 Tisiphone
586 1544 726 1603 thalamis
740 1543 869 1604 ululavit
882 1544 913 1604 in
928 1544 997 1618 illis,

293 1628 330 1688 Et
344 1629 453 1689 cecinit
468 1634 617 1688 maestum
631 1627 730 1688 devia·
739 1643 860 1707 carmen
875 1628 951 1687 avis.

250 1711 357 1771 Adluit
369 1712 488 1772 Allecto
503 1710 649 1770 brevibus
664 1718 805 1785 torquata
820 1711 963 1783 colubris,
1002 1782 1006 1793 x

188 1803 239 1856 120
293 1793 431 1869 Suntque
449 1794 634 1869 sepulchrali
649 1795 763 1854 lumina
777 1801 859 1854 mota
874 1795 951 1854 laec.
1015 1792 1018 1798 '

251 1877 371 1938 Maesta
385 1885 484 1937 tamen
502 1879 648 1964 scopulos
665 1877 1021 1951 11111111111111111111111Ι
1039 1881 1140 1955 calco,

294 1960 440 2035 Quaeque
454 1967 558 2034 patent
573 1961 670 2020 oeulis
689 1962 778 2021 litora
795 1962 855 2020 lata
869 1962 955 2020 meis.
1025 2025 1027 2029 ,

251 2043 324 2104 Sive
339 2044 388 2102 die
403 2042 522 2106 laxatur
535 2044 661 2118 humus,
682 2060 738 2104 seu
755 2044 865 2118 frigida
878 2045 980 2104 lucent

293 2126 416 2199 Sidera,
440 2126 613 2202 prospicio,
638 2127 706 2202 quis
721 2129 798 2192 freta
812 2134 920 2188 ventus
937 2134 1015 2202 agat.

185 2221 236 2273 125
247 2210 285 2272 Et
301 2227 512 2285 quaecumque
527 2213 635 2284 procul
649 2211 802 2270 venientia
816 2211 909 2270 lintea
923 2212 993 2285 vidi,

291 2293 432 2354 Protinus
448 2295 500 2353 illa
513 2309 600 2354 ineos
616 2311 750 2368 auguror
767 2310 838 2354 esse
853 2295 939 2355 deos.

249 2379 283 2436 ln
298 2377 375 2436 l‘reta
388 2393 550 2451 procurro,
572 2376 626 2436 vix
639 2394 688 2437 me
700 2378 899 2439 retinentibus
914 2377 1015 2454 undis,

290 2459 404 2520 Mobile
420 2476 482 2534 qua
495 2461 609 2534 primas
626 2462 752 2536 porrigit
766 2476 884 2536 aequor
899 2478 1006 2536 aquas.

249 2542 313 2615 Quo
333 2541 431 2617 magis
449 2543 612 2618 accedunt,
634 2544 734 2606 atinus
753 2552 782 2605 et
800 2544 900 2606 minus
918 2545 1000 2607 utilis
1015 2545 1124 2608 adsto:

185 2635 237 2690 130
287 2625 437 2700 Linquor,
461 2635 491 2687 et
508 2627 626 2688 aucillis
643 2627 826 2705 excipienda
842 2629 930 2690 cado.

247 2709 303 2769 Est
319 2709 419 2783 sinus,
443 2711 594 2772 adductos
610 2713 731 2774 modice
746 2713 873 2772 falcatus
890 2710 921 2772 in
936 2729 1040 2774 arcusa

199 2841 200 2846 1
288 2794 400 2856 Ultima
415 2803 578 2869 praerupta
593 2810 709 2858 cornua
726 2796 807 2857 mole
822 2794 930 2871 rigent.

246 2875 323 2936 Hinc
336 2876 409 2936 mihi
425 2878 603 2953 suppositas
618 2877 767 2942 inmittere
783 2886 896 2955 corpus
911 2881 942 2942 in
958 2880 1058 2941 undas
1099 2919 1102 2924 -

164 2969 167 2974 ’
288 2959 376 3020 Mens
391 2961 455 3021 luit.
478 2968 522 3036 et,
546 2963 690 3036 quoniam
705 2964 811 3024 lallerc
825 2965 943 3039 pergis,
965 2965 1030 3024 erit.

163 3121 166 3128 γ
183 3042 294 3105 1351111
310 3049 362 3102 tua
377 3059 425 3103 mo
440 3042 551 3106 fluctus
564 3047 733 3120 proiectam
747 3045 836 3108 litora
853 3054 983 3123 portent,

289 3124 514 3204 Occurramque
529 3131 625 3190 oculis
643 3130 820 3191 intumulata
838 3133 908 3192 tuis.
946 3163 948 3168 ·

142 3219 144 3224 ·
245 3209 361 3270 Duritia
377 3211 490 3273 lerrum
506 3221 538 3272 ut
553 3229 697 3288 superes,
721 3215 959 3290 adamantaque,
982 3222 1086 3289 teque,
1131 3245 1138 3249 ·

288 3293 367 3354 ‘Non
381 3294 434 3354 tibi
450 3296 508 3356 slc’
525 3296 609 3358 dices
627 3297 752 3376 ‘Phylli,
774 3299 952 3375 sequendus
968 3301 1077 3358 eram?

246 3374 347 3451 Saepe
361 3394 550 3440 venenorum
566 3379 632 3440 sitis
649 3389 697 3442 est
711 3380 794 3442 mihi.
818 3398 912 3456 saepe
932 3388 1058 3453 cruenta

183 3465 235 3518 1111
286 3458 453 3520 Traiectam
467 3462 569 3538 gladio
583 3472 680 3524 morte
693 3467 793 3540 perire
809 3466 901 3528 iuvat.
