<?xml version="1.0" encoding="UTF-8"?>
<!DOCTYPE html PUBLIC "-//W3C//DTD XHTML 1.0 Transitional//EN"
    "http://www.w3.org/TR/xhtml1/DTD/xhtml1-transitional.dtd">
<html xmlns="http://www.w3.org/1999/xhtml" xml:lang="en" lang="en">
 <head>
  <title>
</title>
<meta http-equiv="Content-Type" content="text/html;charset=utf-8" />
  <meta name='ocr-system' content='tesseract 3.04.00' />
  <meta name='ocr-capabilities' content='ocr_page ocr_carea ocr_par ocr_line ocrx_word'/>
</head>
<body>
  <div class='ocr_page' id='page_1' title='image "./povidiusnaso02merkgoog_0263.png"; bbox 0 0 2498 4008; ppageno 0'>
   <div class='ocr_carea' id='block_1_1' title="bbox 123 281 789 396">
    <p class='ocr_par' dir='ltr' id='par_1_1' title="bbox 123 281 789 396">
     <span class='ocr_line' id='line_1_1' title="bbox 123 281 789 396; baseline -0.014 -16"><span class='ocrx_word' id='word_1_1' title='bbox 123 313 187 380; x_wconf 74' lang='lat' dir='ltr'>&#39;aaa</span> <span class='ocrx_word' id='word_1_2' title='bbox 504 311 671 396; x_wconf 75' lang='lat' dir='ltr'>annno</span> <span class='ocrx_word' id='word_1_3' title='bbox 696 281 789 373; x_wconf 74' lang='lat' dir='ltr'>nnn</span> 
     </span>
    </p>
   </div>
   <div class='ocr_carea' id='block_1_2' title="bbox 145 462 1040 874">
    <p class='ocr_par' dir='ltr' id='par_1_2' title="bbox 145 462 1040 874">
     <span class='ocr_line' id='line_1_2' title="bbox 208 462 1040 540; baseline 0 -16"><span class='ocrx_word' id='word_1_4' title='bbox 208 465 252 525; x_wconf 86' lang='lat' dir='ltr'>Tu</span> <span class='ocrx_word' id='word_1_5' title='bbox 269 464 356 536; x_wconf 84' lang='lat' dir='ltr'>milri,</span> <span class='ocrx_word' id='word_1_6' title='bbox 380 463 433 538; x_wconf 89' lang='lat' dir='ltr'>qui</span> <span class='ocrx_word' id='word_1_7' title='bbox 449 463 533 538; x_wconf 88' lang='lat' dir='ltr'>quod</span> <span class='ocrx_word' id='word_1_8' title='bbox 547 477 648 534; x_wconf 80' lang='lat' dir='ltr'>arnae,</span> <span class='ocrx_word' id='word_1_9' title='bbox 672 477 762 537; x_wconf 83' lang='lat' dir='ltr'>aegre</span> <span class='ocrx_word' id='word_1_10' title='bbox 777 462 914 522; x_wconf 81' lang='lat' dir='ltr'><strong>dediscis</strong></span> <span class='ocrx_word' id='word_1_11' title='bbox 926 473 1040 540; x_wconf 79' lang='lat' dir='ltr'>amare,</span> 
     </span>
     <span class='ocr_line' id='line_1_3' title="bbox 252 545 1000 622; baseline 0.001 -15"><span class='ocrx_word' id='word_1_12' title='bbox 252 549 315 608; x_wconf 87' lang='lat' dir='ltr'>Nec</span> <span class='ocrx_word' id='word_1_13' title='bbox 329 555 434 622; x_wconf 86' lang='lat' dir='ltr'>potes,</span> <span class='ocrx_word' id='word_1_14' title='bbox 458 551 488 605; x_wconf 90' lang='lat' dir='ltr'>et</span> <span class='ocrx_word' id='word_1_15' title='bbox 502 547 597 606; x_wconf 91' lang='lat' dir='ltr'>velles</span> <span class='ocrx_word' id='word_1_16' title='bbox 615 561 725 621; x_wconf 89' lang='lat' dir='ltr'>posse,</span> <span class='ocrx_word' id='word_1_17' title='bbox 750 545 911 606; x_wconf 89' lang='lat' dir='ltr'>docendus</span> <span class='ocrx_word' id='word_1_18' title='bbox 927 549 1000 608; x_wconf 84' lang='lat' dir='ltr'>eris.</span> 
     </span>
     <span class='ocr_line' id='line_1_4' title="bbox 212 629 943 709; baseline -0.004 -16"><span class='ocrx_word' id='word_1_19' title='bbox 212 632 313 708; x_wconf 85' lang='lat' dir='ltr'>Saepe</span> <span class='ocrx_word' id='word_1_20' title='bbox 327 629 408 690; x_wconf 85' lang='lat' dir='ltr'>refer</span> <span class='ocrx_word' id='word_1_21' title='bbox 422 637 522 709; x_wconf 85' lang='lat' dir='ltr'>tecum</span> <span class='ocrx_word' id='word_1_22' title='bbox 537 629 704 689; x_wconf 74' lang='lat' dir='ltr'>sceleratae</span> <span class='ocrx_word' id='word_1_23' title='bbox 719 629 799 689; x_wconf 85' lang='lat' dir='ltr'>laeta</span> <span class='ocrx_word' id='word_1_24' title='bbox 813 630 943 704; x_wconf 88' lang='lat' dir='ltr'>puellae,</span> 
     </span>
     <span class='ocr_line' id='line_1_5' title="bbox 145 712 931 790; baseline -0.005 -15"><span class='ocrx_word' id='word_1_25' title='bbox 145 726 199 781; x_wconf 79' lang='lat'>300</span> <span class='ocrx_word' id='word_1_26' title='bbox 248 715 287 775; x_wconf 87' lang='lat' dir='ltr'>Et</span> <span class='ocrx_word' id='word_1_27' title='bbox 301 730 382 790; x_wconf 88' lang='lat' dir='ltr'>pone</span> <span class='ocrx_word' id='word_1_28' title='bbox 396 720 466 772; x_wconf 90' lang='lat' dir='ltr'>ante</span> <span class='ocrx_word' id='word_1_29' title='bbox 480 714 590 774; x_wconf 86' lang='lat' dir='ltr'>oculos</span> <span class='ocrx_word' id='word_1_30' title='bbox 604 713 710 772; x_wconf 86' lang='lat' dir='ltr'>omnia</span> <span class='ocrx_word' id='word_1_31' title='bbox 724 712 837 772; x_wconf 83' lang='lat' dir='ltr'>damna</span> <span class='ocrx_word' id='word_1_32' title='bbox 849 720 931 774; x_wconf 87' lang='lat' dir='ltr'>tuos.</span> 
     </span>
     <span class='ocr_line' id='line_1_6' title="bbox 211 795 1039 874; baseline -0.002 -18"><span class='ocrx_word' id='word_1_33' title='bbox 211 797 301 858; x_wconf 78' lang='lat' dir='ltr'>‘Illud</span> <span class='ocrx_word' id='word_1_34' title='bbox 314 803 345 857; x_wconf 91' lang='lat' dir='ltr'>et</span> <span class='ocrx_word' id='word_1_35' title='bbox 358 797 432 856; x_wconf 88' lang='lat' dir='ltr'>illud</span> <span class='ocrx_word' id='word_1_36' title='bbox 445 795 552 870; x_wconf 85' lang='lat' dir='ltr'>habet,</span> <span class='ocrx_word' id='word_1_37' title='bbox 574 811 631 855; x_wconf 88' lang='lat' dir='ltr'>nec</span> <span class='ocrx_word' id='word_1_38' title='bbox 647 811 684 856; x_wconf 91' lang='lat' dir='ltr'>ea</span> <span class='ocrx_word' id='word_1_39' title='bbox 700 803 843 856; x_wconf 89' lang='lat' dir='ltr'>contenta</span> <span class='ocrx_word' id='word_1_40' title='bbox 856 799 964 874; x_wconf 85' lang='lat' dir='ltr'>rapina</span> <span class='ocrx_word' id='word_1_41' title='bbox 978 803 1039 858; x_wconf 70' lang='lat' dir='ltr'>ests</span> 
     </span>
    </p>
   </div>
   <div class='ocr_carea' id='block_1_3' title="bbox 144 879 1151 3620">
    <p class='ocr_par' dir='ltr' id='par_1_3' title="bbox 144 879 1151 3290">
     <span class='ocr_line' id='line_1_7' title="bbox 253 879 896 957; baseline -0.006 -15"><span class='ocrx_word' id='word_1_42' title='bbox 253 879 449 942; x_wconf 78' lang='lat' dir='ltr'>Sub&#39;titolum</span> <span class='ocrx_word' id='word_1_43' title='bbox 464 887 588 939; x_wconf 87' lang='lat' dir='ltr'>nostros</span> <span class='ocrx_word' id='word_1_44' title='bbox 603 879 685 939; x_wconf 86' lang='lat' dir='ltr'>misit</span> <span class='ocrx_word' id='word_1_45' title='bbox 698 895 791 938; x_wconf 85' lang='lat' dir='ltr'>avara</span> <span class='ocrx_word' id='word_1_46' title='bbox 805 881 896 957; x_wconf 87' lang='lat' dir='ltr'>lares.</span> 
     </span>
     <span class='ocr_line' id='line_1_8' title="bbox 211 963 856 1036; baseline -0.006 -10"><span class='ocrx_word' id='word_1_47' title='bbox 211 965 262 1026; x_wconf 91' lang='lat' dir='ltr'>Sic</span> <span class='ocrx_word' id='word_1_48' title='bbox 276 964 348 1023; x_wconf 88' lang='lat' dir='ltr'>mihi</span> <span class='ocrx_word' id='word_1_49' title='bbox 364 965 486 1036; x_wconf 89' lang='lat' dir='ltr'>iuravit,</span> <span class='ocrx_word' id='word_1_50' title='bbox 507 964 551 1022; x_wconf 86' lang='lat' dir='ltr'>sie</span> <span class='ocrx_word' id='word_1_51' title='bbox 565 979 614 1022; x_wconf 87' lang='lat' dir='ltr'>me</span> <span class='ocrx_word' id='word_1_52' title='bbox 629 963 727 1022; x_wconf 88' lang='lat' dir='ltr'>iurata</span> <span class='ocrx_word' id='word_1_53' title='bbox 741 963 856 1025; x_wconf 88' lang='lat' dir='ltr'>lelellit.</span> 
     </span>
     <span class='ocr_line' id='line_1_9' title="bbox 252 1047 917 1121; baseline -0.006 -13"><span class='ocrx_word' id='word_1_54' title='bbox 252 1049 332 1108; x_wconf 87' lang='lat' dir='ltr'>Ante</span> <span class='ocrx_word' id='word_1_55' title='bbox 346 1063 419 1108; x_wconf 89' lang='lat' dir='ltr'>suas</span> <span class='ocrx_word' id='word_1_56' title='bbox 437 1047 577 1121; x_wconf 87' lang='lat' dir='ltr'>quotiens</span> <span class='ocrx_word' id='word_1_57' title='bbox 592 1061 688 1121; x_wconf 87' lang='lat' dir='ltr'>passa</span> <span class='ocrx_word' id='word_1_58' title='bbox 703 1047 804 1104; x_wconf 88' lang='lat' dir='ltr'>iacere</span> <span class='ocrx_word' id='word_1_59' title='bbox 818 1047 917 1107; x_wconf 87' lang='lat' dir='ltr'>lorest</span> 
     </span>
     <span class='ocr_line' id='line_1_10' title="bbox 146 1129 851 1206; baseline -0.013 -9"><span class='ocrx_word' id='word_1_60' title='bbox 146 1142 198 1197; x_wconf 76' lang='lat' dir='ltr'>aot</span> <span class='ocrx_word' id='word_1_61' title='bbox 208 1131 312 1206; x_wconf 81' lang='lat' dir='ltr'>Diligit</span> <span class='ocrx_word' id='word_1_62' title='bbox 327 1131 396 1205; x_wconf 90' lang='lat' dir='ltr'>ipsa</span> <span class='ocrx_word' id='word_1_63' title='bbox 410 1131 498 1191; x_wconf 87' lang='lat' dir='ltr'>alios.</span> <span class='ocrx_word' id='word_1_64' title='bbox 522 1145 540 1189; x_wconf 87' lang='lat' dir='ltr'>a</span> <span class='ocrx_word' id='word_1_65' title='bbox 553 1145 602 1190; x_wconf 86' lang='lat' dir='ltr'>me</span> <span class='ocrx_word' id='word_1_66' title='bbox 617 1129 733 1189; x_wconf 82' lang='lat' dir='ltr'>fastidit</span> <span class='ocrx_word' id='word_1_67' title='bbox 747 1131 851 1188; x_wconf 85' lang='lat' dir='ltr'>amari.</span> 
     </span>
     <span class='ocr_line' id='line_1_11' title="bbox 250 1211 1125 1288; baseline 0 -14"><span class='ocrx_word' id='word_1_68' title='bbox 250 1213 388 1287; x_wconf 77' lang='lat' dir='ltr'>Institor,</span> <span class='ocrx_word' id='word_1_69' title='bbox 411 1212 486 1285; x_wconf 90' lang='lat' dir='ltr'>heu,</span> <span class='ocrx_word' id='word_1_70' title='bbox 509 1220 631 1285; x_wconf 90' lang='lat' dir='ltr'>noctes,</span> <span class='ocrx_word' id='word_1_71' title='bbox 656 1229 733 1288; x_wconf 86' lang='lat' dir='ltr'>quas</span> <span class='ocrx_word' id='word_1_72' title='bbox 748 1211 821 1272; x_wconf 88' lang='lat' dir='ltr'>mihi</span> <span class='ocrx_word' id='word_1_73' title='bbox 836 1228 897 1271; x_wconf 94' lang='lat' dir='ltr'>non</span> <span class='ocrx_word' id='word_1_74' title='bbox 913 1213 979 1287; x_wconf 84' lang='lat' dir='ltr'>dat,</span> <span class='ocrx_word' id='word_1_75' title='bbox 1003 1213 1125 1274; x_wconf 86' lang='lat' dir='ltr'>habett&#39;</span> 
     </span>
     <span class='ocr_line' id='line_1_12' title="bbox 209 1294 973 1372; baseline -0.007 -15"><span class='ocrx_word' id='word_1_76' title='bbox 209 1299 292 1357; x_wconf 88' lang='lat' dir='ltr'>Haec</span> <span class='ocrx_word' id='word_1_77' title='bbox 306 1296 359 1356; x_wconf 91' lang='lat' dir='ltr'>tibi</span> <span class='ocrx_word' id='word_1_78' title='bbox 374 1294 433 1372; x_wconf 83' lang='lat' dir='ltr'>per&#39;</span> <span class='ocrx_word' id='word_1_79' title='bbox 443 1303 524 1356; x_wconf 90' lang='lat' dir='ltr'>totos</span> <span class='ocrx_word' id='word_1_80' title='bbox 539 1296 715 1354; x_wconf 81' lang='lat' dir='ltr'>inacescant</span> <span class='ocrx_word' id='word_1_81' title='bbox 730 1297 832 1356; x_wconf 87' lang='lat' dir='ltr'>omnia</span> <span class='ocrx_word' id='word_1_82' title='bbox 845 1312 973 1358; x_wconf 72' lang='lat' dir='ltr'>sensuss</span> 
     </span>
     <span class='ocr_line' id='line_1_13' title="bbox 252 1378 974 1454; baseline 0 -14"><span class='ocrx_word' id='word_1_83' title='bbox 252 1382 336 1440; x_wconf 89' lang='lat' dir='ltr'>Haec</span> <span class='ocrx_word' id='word_1_84' title='bbox 351 1380 446 1452; x_wconf 89' lang='lat' dir='ltr'>reler,</span> <span class='ocrx_word' id='word_1_85' title='bbox 466 1379 537 1436; x_wconf 91' lang='lat' dir='ltr'>hinc</span> <span class='ocrx_word' id='word_1_86' title='bbox 552 1378 615 1437; x_wconf 88' lang='lat' dir='ltr'>odii</span> <span class='ocrx_word' id='word_1_87' title='bbox 630 1378 748 1438; x_wconf 88' lang='lat' dir='ltr'>semina</span> <span class='ocrx_word' id='word_1_88' title='bbox 765 1395 879 1454; x_wconf 90' lang='lat' dir='ltr'>quaere</span> <span class='ocrx_word' id='word_1_89' title='bbox 897 1382 949 1440; x_wconf 86' lang='lat' dir='ltr'>tui.</span> <span class='ocrx_word' id='word_1_90' title='bbox 971 1399 974 1404; x_wconf 77' lang='grc'><strong>’</strong></span> 
     </span>
     <span class='ocr_line' id='line_1_14' title="bbox 210 1462 948 1538; baseline 0.003 -16"><span class='ocrx_word' id='word_1_91' title='bbox 210 1463 311 1538; x_wconf 79' lang='lat' dir='ltr'>Atque</span> <span class='ocrx_word' id='word_1_92' title='bbox 324 1463 436 1521; x_wconf 88' lang='lat' dir='ltr'>utinam</span> <span class='ocrx_word' id='word_1_93' title='bbox 452 1462 557 1536; x_wconf 91' lang='lat' dir='ltr'>possis</span> <span class='ocrx_word' id='word_1_94' title='bbox 575 1462 666 1522; x_wconf 85' lang='lat' dir='ltr'>etiam</span> <span class='ocrx_word' id='word_1_95' title='bbox 678 1463 830 1524; x_wconf 80' lang='lat' dir='ltr'>facundus</span> <span class='ocrx_word' id='word_1_96' title='bbox 846 1464 948 1525; x_wconf 88' lang='lat' dir='ltr'>inillis</span> 
     </span>
     <span class='ocr_line' id='line_1_15' title="bbox 146 1545 953 1621; baseline -0.005 -12"><span class='ocrx_word' id='word_1_97' title='bbox 146 1556 199 1609; x_wconf 83' lang='lat'>310</span> <span class='ocrx_word' id='word_1_98' title='bbox 251 1547 345 1608; x_wconf 87' lang='lat' dir='ltr'>Esset</span> <span class='ocrx_word' id='word_1_99' title='bbox 368 1545 439 1604; x_wconf 90' lang='lat' dir='ltr'>dole</span> <span class='ocrx_word' id='word_1_100' title='bbox 452 1552 582 1617; x_wconf 88' lang='lat' dir='ltr'>tanturn,</span> <span class='ocrx_word' id='word_1_101' title='bbox 607 1553 718 1621; x_wconf 86' lang='lat' dir='ltr'>sponte</span> <span class='ocrx_word' id='word_1_102' title='bbox 736 1547 867 1606; x_wconf 86' lang='lat' dir='ltr'>disertus</span> <span class='ocrx_word' id='word_1_103' title='bbox 882 1548 953 1607; x_wconf 77' lang='lat' dir='ltr'>eris</span> 
     </span>
     <span class='ocr_line' id='line_1_16' title="bbox 208 1627 967 1705; baseline -0.007 -15"><span class='ocrx_word' id='word_1_104' title='bbox 208 1630 360 1690; x_wconf 84' lang='lat' dir='ltr'>Haeserat·</span> <span class='ocrx_word' id='word_1_105' title='bbox 371 1627 402 1688; x_wconf 89' lang='lat' dir='ltr'>in</span> <span class='ocrx_word' id='word_1_106' title='bbox 418 1628 549 1704; x_wconf 83' lang='lat' dir='ltr'>quadam</span> <span class='ocrx_word' id='word_1_107' title='bbox 564 1645 662 1704; x_wconf 85' lang='lat' dir='ltr'>nuper</span> <span class='ocrx_word' id='word_1_108' title='bbox 676 1645 745 1690; x_wconf 86' lang='lat' dir='ltr'>mea</span> <span class='ocrx_word' id='word_1_109' title='bbox 763 1627 837 1690; x_wconf 78' lang='lat' dir='ltr'>cora</span> <span class='ocrx_word' id='word_1_110' title='bbox 852 1631 967 1705; x_wconf 68' lang='lat' dir='ltr'>puellas</span> 
     </span>
     <span class='ocr_line' id='line_1_17' title="bbox 253 1712 881 1773; baseline -0.006 -1"><span class='ocrx_word' id='word_1_111' title='bbox 253 1712 445 1772; x_wconf 85' lang='lat' dir='ltr'>Conveniens</span> <span class='ocrx_word' id='word_1_112' title='bbox 460 1712 561 1772; x_wconf 88' lang='lat' dir='ltr'>animo</span> <span class='ocrx_word' id='word_1_113' title='bbox 576 1726 637 1772; x_wconf 94' lang='lat' dir='ltr'>non</span> <span class='ocrx_word' id='word_1_114' title='bbox 653 1713 781 1772; x_wconf 86' lang='lat' dir='ltr'>eratilla</span> <span class='ocrx_word' id='word_1_115' title='bbox 796 1727 881 1773; x_wconf 66' lang='lat' dir='ltr'>meos</span> 
     </span>
     <span class='ocr_line' id='line_1_18' title="bbox 211 1793 911 1874; baseline 0 -17"><span class='ocrx_word' id='word_1_116' title='bbox 211 1793 344 1857; x_wconf 85' lang='lat' dir='ltr'>Curabar</span> <span class='ocrx_word' id='word_1_117' title='bbox 358 1795 491 1871; x_wconf 87' lang='lat' dir='ltr'>propriis</span> <span class='ocrx_word' id='word_1_118' title='bbox 508 1811 600 1870; x_wconf 80' lang='lat' dir='ltr'>aeger</span> <span class='ocrx_word' id='word_1_119' title='bbox 612 1795 782 1857; x_wconf 86' lang='lat' dir='ltr'>Podalirius</span> <span class='ocrx_word' id='word_1_120' title='bbox 799 1796 911 1874; x_wconf 83' lang='lat' dir='ltr'>herbis,</span> 
     </span>
     <span class='ocr_line' id='line_1_19' title="bbox 251 1879 951 1955; baseline 0 -17"><span class='ocrx_word' id='word_1_121' title='bbox 251 1879 303 1953; x_wconf 78' lang='lat' dir='ltr'>itt,</span> <span class='ocrx_word' id='word_1_122' title='bbox 325 1880 436 1952; x_wconf 86' lang='lat' dir='ltr'>fateor,</span> <span class='ocrx_word' id='word_1_123' title='bbox 458 1879 596 1939; x_wconf 87' lang='lat' dir='ltr'>medicus</span> <span class='ocrx_word' id='word_1_124' title='bbox 611 1880 737 1955; x_wconf 87' lang='lat' dir='ltr'>turpiter</span> <span class='ocrx_word' id='word_1_125' title='bbox 751 1895 844 1954; x_wconf 81' lang='lat' dir='ltr'>aeger</span> <span class='ocrx_word' id='word_1_126' title='bbox 858 1893 951 1940; x_wconf 87' lang='lat' dir='ltr'>eram.</span> 
     </span>
     <span class='ocr_line' id='line_1_20' title="bbox 145 1961 995 2035; baseline -0.005 -9"><span class='ocrx_word' id='word_1_127' title='bbox 145 1971 196 2026; x_wconf 79' lang='lat'>315</span> <span class='ocrx_word' id='word_1_128' title='bbox 206 1963 320 2022; x_wconf 86' lang='lat' dir='ltr'>Proluit</span> <span class='ocrx_word' id='word_1_129' title='bbox 336 1961 466 2022; x_wconf 88' lang='lat' dir='ltr'>adsidue</span> <span class='ocrx_word' id='word_1_130' title='bbox 482 1963 563 2023; x_wconf 89' lang='lat' dir='ltr'>vitiis</span> <span class='ocrx_word' id='word_1_131' title='bbox 579 1963 721 2024; x_wconf 88' lang='lat' dir='ltr'>insistere</span> <span class='ocrx_word' id='word_1_132' title='bbox 736 1964 861 2035; x_wconf 86' lang='lat' dir='ltr'>amicae,</span> <span class='ocrx_word' id='word_1_133' title='bbox 985 1969 995 2033; x_wconf 71' lang='lat' dir='ltr'>j</span> 
     </span>
     <span class='ocr_line' id='line_1_21' title="bbox 251 2045 1108 2122; baseline 0.005 -18"><span class='ocrx_word' id='word_1_134' title='bbox 251 2047 348 2120; x_wconf 88' lang='lat' dir='ltr'>quue</span> <span class='ocrx_word' id='word_1_135' title='bbox 361 2045 434 2104; x_wconf 81' lang='lat' dir='ltr'>milti</span> <span class='ocrx_word' id='word_1_136' title='bbox 449 2045 560 2106; x_wconf 89' lang='lat' dir='ltr'>lactum</span> <span class='ocrx_word' id='word_1_137' title='bbox 575 2062 670 2122; x_wconf 88' lang='lat' dir='ltr'>saepe</span> <span class='ocrx_word' id='word_1_138' title='bbox 686 2046 809 2107; x_wconf 85' lang='lat' dir='ltr'>salubre</span> <span class='ocrx_word' id='word_1_139' title='bbox 825 2046 888 2107; x_wconf 88' lang='lat' dir='ltr'>luit.</span> <span class='ocrx_word' id='word_1_140' title='bbox 1105 2061 1108 2068; x_wconf 83' lang='lat'>&#39;</span> 
     </span>
     <span class='ocr_line' id='line_1_22' title="bbox 210 2129 1086 2206; baseline -0.001 -18"><span class='ocrx_word' id='word_1_141' title='bbox 210 2129 317 2204; x_wconf 73' lang='lat' dir='ltr'>‘Quam</span> <span class='ocrx_word' id='word_1_142' title='bbox 332 2129 423 2189; x_wconf 86' lang='lat' dir='ltr'>mala’</span> <span class='ocrx_word' id='word_1_143' title='bbox 439 2129 577 2189; x_wconf 87' lang='lat' dir='ltr'>dicebam</span> <span class='ocrx_word' id='word_1_144' title='bbox 593 2134 730 2191; x_wconf 79' lang='lat' dir='ltr'>‘nostrae</span> <span class='ocrx_word' id='word_1_145' title='bbox 744 2138 816 2191; x_wconf 87' lang='lat' dir='ltr'>sunt</span> <span class='ocrx_word' id='word_1_146' title='bbox 833 2145 922 2190; x_wconf 84' lang='lat' dir='ltr'>crura</span> <span class='ocrx_word' id='word_1_147' title='bbox 936 2129 1057 2206; x_wconf 89' lang='lat' dir='ltr'>puellae</span> <span class='ocrx_word' id='word_1_148' title='bbox 1065 2133 1086 2187; x_wconf 85' lang='lat' dir='ltr'>t’</span> 
     </span>
     <span class='ocr_line' id='line_1_23' title="bbox 252 2213 928 2288; baseline 0.001 -17"><span class='ocrx_word' id='word_1_149' title='bbox 252 2214 314 2272; x_wconf 89' lang='lat' dir='ltr'>Nec</span> <span class='ocrx_word' id='word_1_150' title='bbox 328 2218 443 2286; x_wconf 89' lang='lat' dir='ltr'>tamen,</span> <span class='ocrx_word' id='word_1_151' title='bbox 464 2219 498 2273; x_wconf 90' lang='lat' dir='ltr'>ut</span> <span class='ocrx_word' id='word_1_152' title='bbox 511 2228 584 2272; x_wconf 90' lang='lat' dir='ltr'>vere</span> <span class='ocrx_word' id='word_1_153' title='bbox 598 2213 810 2288; x_wconf 87' lang='lat' dir='ltr'>conliteamur,</span> <span class='ocrx_word' id='word_1_154' title='bbox 833 2221 928 2273; x_wconf 81' lang='lat' dir='ltr'>erant.</span> 
     </span>
     <span class='ocr_line' id='line_1_24' title="bbox 210 2294 1071 2372; baseline -0.002 -16"><span class='ocrx_word' id='word_1_155' title='bbox 210 2294 351 2356; x_wconf 66' lang='lat' dir='ltr'>‘Brachia</span> <span class='ocrx_word' id='word_1_156' title='bbox 366 2312 458 2370; x_wconf 83' lang='lat' dir='ltr'>quarn</span> <span class='ocrx_word' id='word_1_157' title='bbox 472 2311 533 2356; x_wconf 90' lang='lat' dir='ltr'>non</span> <span class='ocrx_word' id='word_1_158' title='bbox 549 2303 620 2357; x_wconf 89' lang='lat' dir='ltr'>sunt</span> <span class='ocrx_word' id='word_1_159' title='bbox 631 2305 756 2358; x_wconf 89' lang='lat' dir='ltr'>nostrae</span> <span class='ocrx_word' id='word_1_160' title='bbox 772 2298 907 2359; x_wconf 81' lang='lat' dir='ltr'>formosa</span> <span class='ocrx_word' id='word_1_161' title='bbox 921 2297 1042 2372; x_wconf 84' lang='lat' dir='ltr'>puellae</span> <span class='ocrx_word' id='word_1_162' title='bbox 1051 2299 1071 2354; x_wconf 88' lang='lat' dir='ltr'>t’</span> 
     </span>
     <span class='ocr_line' id='line_1_25' title="bbox 145 2379 1151 2457; baseline -0.005 -16"><span class='ocrx_word' id='word_1_163' title='bbox 145 2388 197 2443; x_wconf 70' lang='lat' dir='ltr'>ero</span> <span class='ocrx_word' id='word_1_164' title='bbox 248 2379 286 2439; x_wconf 87' lang='lat' dir='ltr'>Et</span> <span class='ocrx_word' id='word_1_165' title='bbox 298 2386 414 2453; x_wconf 85' lang='lat' dir='ltr'>tamen,</span> <span class='ocrx_word' id='word_1_166' title='bbox 434 2386 467 2439; x_wconf 88' lang='lat' dir='ltr'>ut</span> <span class='ocrx_word' id='word_1_167' title='bbox 482 2393 555 2440; x_wconf 85' lang='lat' dir='ltr'>vera</span> <span class='ocrx_word' id='word_1_168' title='bbox 570 2381 788 2454; x_wconf 85' lang='lat' dir='ltr'>conliteamur,·</span> <span class='ocrx_word' id='word_1_169' title='bbox 803 2389 898 2442; x_wconf 89' lang='lat' dir='ltr'>erant.</span> <span class='ocrx_word' id='word_1_170' title='bbox 1047 2380 1122 2457; x_wconf 89' lang='lat' dir='ltr'>[tem</span> <span class='ocrx_word' id='word_1_171' title='bbox 1131 2381 1151 2436; x_wconf 89' lang='lat' dir='ltr'>t’</span> 
     </span>
     <span class='ocr_line' id='line_1_26' title="bbox 210 2462 1151 2540; baseline -0.001 -18"><span class='ocrx_word' id='word_1_172' title='bbox 210 2463 318 2538; x_wconf 73' lang='lat' dir='ltr'>‘Quam</span> <span class='ocrx_word' id='word_1_173' title='bbox 329 2462 431 2522; x_wconf 86' lang='lat' dir='ltr'>brevis</span> <span class='ocrx_word' id='word_1_174' title='bbox 441 2469 488 2522; x_wconf 88' lang='lat' dir='ltr'>est</span> <span class='ocrx_word' id='word_1_175' title='bbox 496 2465 516 2520; x_wconf 85' lang='lat' dir='ltr'>t’</span> <span class='ocrx_word' id='word_1_176' title='bbox 531 2477 589 2523; x_wconf 88' lang='lat' dir='ltr'>nec</span> <span class='ocrx_word' id='word_1_177' title='bbox 596 2471 670 2524; x_wconf 88' lang='lat' dir='ltr'>erat.</span> <span class='ocrx_word' id='word_1_178' title='bbox 692 2468 796 2539; x_wconf 68' lang='lat' dir='ltr'>‘quarn</span> <span class='ocrx_word' id='word_1_179' title='bbox 803 2463 1151 2540; x_wconf 86' lang='lat' dir='ltr'>multnmposcitaman·</span> 
     </span>
     <span class='ocr_line' id='line_1_27' title="bbox 214 2545 1019 2628; baseline 0.005 -24"><span class='ocrx_word' id='word_1_180' title='bbox 214 2545 334 2605; x_wconf 59' lang='lat' dir='ltr'>‘Haec</span> <span class='ocrx_word' id='word_1_181' title='bbox 349 2545 421 2607; x_wconf 85' lang='lat' dir='ltr'>odio</span> <span class='ocrx_word' id='word_1_182' title='bbox 435 2546 519 2607; x_wconf 92' lang='lat' dir='ltr'>venit</span> <span class='ocrx_word' id='word_1_183' title='bbox 532 2548 663 2607; x_wconf 85' lang='lat' dir='ltr'>maxima</span> <span class='ocrx_word' id='word_1_184' title='bbox 678 2563 773 2608; x_wconf 82' lang='lat' dir='ltr'>causa</span> <span class='ocrx_word' id='word_1_185' title='bbox 786 2563 865 2608; x_wconf 88' lang='lat' dir='ltr'>meo.</span> <span class='ocrx_word' id='word_1_186' title='bbox 950 2623 953 2628; x_wconf 27' lang='grc' dir='ltr'>Ι</span> <span class='ocrx_word' id='word_1_187' title='bbox 1017 2611 1019 2616; x_wconf 74' lang='grc'>,</span> 
     </span>
     <span class='ocr_line' id='line_1_28' title="bbox 208 2629 919 2692; baseline 0.004 -2"><span class='ocrx_word' id='word_1_188' title='bbox 208 2629 245 2690; x_wconf 86' lang='lat' dir='ltr'>Et</span> <span class='ocrx_word' id='word_1_189' title='bbox 259 2629 339 2689; x_wconf 89' lang='lat' dir='ltr'>rnala</span> <span class='ocrx_word' id='word_1_190' title='bbox 353 2635 424 2689; x_wconf 90' lang='lat' dir='ltr'>sunt</span> <span class='ocrx_word' id='word_1_191' title='bbox 436 2629 538 2691; x_wconf 84' lang='lat' dir='ltr'>vicino</span> <span class='ocrx_word' id='word_1_192' title='bbox 553 2629 651 2692; x_wconf 89' lang='lat' dir='ltr'>bonis.</span> <span class='ocrx_word' id='word_1_193' title='bbox 670 2647 777 2690; x_wconf 86' lang='lat' dir='ltr'>errore</span> <span class='ocrx_word' id='word_1_194' title='bbox 794 2631 851 2692; x_wconf 85' lang='lat' dir='ltr'>sub</span> <span class='ocrx_word' id='word_1_195' title='bbox 868 2632 919 2692; x_wconf 90' lang='lat' dir='ltr'>illo</span> 
     </span>
     <span class='ocr_line' id='line_1_29' title="bbox 250 2711 846 2790; baseline 0.002 -18"><span class='ocrx_word' id='word_1_196' title='bbox 250 2711 308 2774; x_wconf 89' lang='lat' dir='ltr'>Pro</span> <span class='ocrx_word' id='word_1_197' title='bbox 323 2713 396 2774; x_wconf 91' lang='lat' dir='ltr'>vitio</span> <span class='ocrx_word' id='word_1_198' title='bbox 410 2711 507 2774; x_wconf 86' lang='lat' dir='ltr'>virtus</span> <span class='ocrx_word' id='word_1_199' title='bbox 522 2713 648 2773; x_wconf 87' lang='lat' dir='ltr'>crimina</span> <span class='ocrx_word' id='word_1_200' title='bbox 662 2729 756 2790; x_wconf 87' lang='lat' dir='ltr'>saepe</span> <span class='ocrx_word' id='word_1_201' title='bbox 771 2716 846 2775; x_wconf 88' lang='lat' dir='ltr'>tulit.</span> 
     </span>
     <span class='ocr_line' id='line_1_30' title="bbox 144 2795 942 2874; baseline -0.003 -15"><span class='ocrx_word' id='word_1_202' title='bbox 144 2805 195 2860; x_wconf 77' lang='lat'>325</span> <span class='ocrx_word' id='word_1_203' title='bbox 208 2797 273 2872; x_wconf 82' lang='lat' dir='ltr'>Qua</span> <span class='ocrx_word' id='word_1_204' title='bbox 286 2803 392 2873; x_wconf 87' lang='lat' dir='ltr'>potes,</span> <span class='ocrx_word' id='word_1_205' title='bbox 414 2795 445 2857; x_wconf 92' lang='lat' dir='ltr'>in</span> <span class='ocrx_word' id='word_1_206' title='bbox 460 2797 548 2872; x_wconf 87' lang='lat' dir='ltr'>peius</span> <span class='ocrx_word' id='word_1_207' title='bbox 563 2797 652 2858; x_wconf 89' lang='lat' dir='ltr'>dotes</span> <span class='ocrx_word' id='word_1_208' title='bbox 667 2797 798 2858; x_wconf 84' lang='lat' dir='ltr'>deflecte</span> <span class='ocrx_word' id='word_1_209' title='bbox 811 2799 942 2874; x_wconf 86' lang='lat' dir='ltr'>puellae,</span> 
     </span>
     <span class='ocr_line' id='line_1_31' title="bbox 248 2878 861 2956; baseline 0.002 -17"><span class='ocrx_word' id='word_1_210' title='bbox 248 2878 458 2956; x_wconf 85' lang='lat' dir='ltr'>Iudiciumque</span> <span class='ocrx_word' id='word_1_211' title='bbox 472 2880 559 2940; x_wconf 85' lang='lat' dir='ltr'>brevi</span> <span class='ocrx_word' id='word_1_212' title='bbox 575 2881 668 2942; x_wconf 88' lang='lat' dir='ltr'>limite</span> <span class='ocrx_word' id='word_1_213' title='bbox 682 2881 753 2942; x_wconf 86' lang='lat' dir='ltr'>lalle</span> <span class='ocrx_word' id='word_1_214' title='bbox 765 2888 861 2942; x_wconf 86' lang='lat' dir='ltr'>tuum.</span> 
     </span>
     <span class='ocr_line' id='line_1_32' title="bbox 153 2962 1084 3040; baseline -0.003 -17"><span class='ocrx_word' id='word_1_215' title='bbox 153 3027 154 3030; x_wconf 59' lang='grc'>,</span> <span class='ocrx_word' id='word_1_216' title='bbox 208 2962 365 3038; x_wconf 83' lang='lat' dir='ltr'>Turgida,.</span> <span class='ocrx_word' id='word_1_217' title='bbox 376 2964 403 3023; x_wconf 92' lang='lat' dir='ltr'>si</span> <span class='ocrx_word' id='word_1_218' title='bbox 420 2965 588 3039; x_wconf 77' lang='lat' dir='ltr'>planesel,</span> <span class='ocrx_word' id='word_1_219' title='bbox 614 2966 640 3024; x_wconf 87' lang='lat' dir='ltr'>si</span> <span class='ocrx_word' id='word_1_220' title='bbox 655 2965 741 3025; x_wconf 85' lang='lat' dir='ltr'>lusca</span> <span class='ocrx_word' id='word_1_221' title='bbox 758 2971 818 3040; x_wconf 87' lang='lat' dir='ltr'>est,</span> <span class='ocrx_word' id='word_1_222' title='bbox 838 2967 927 3040; x_wconf 82' lang='lat' dir='ltr'>nigra</span> <span class='ocrx_word' id='word_1_223' title='bbox 943 2971 1084 3025; x_wconf 80' lang='lat' dir='ltr'>vocetur=</span> 
     </span>
     <span class='ocr_line' id='line_1_33' title="bbox 201 3046 912 3122; baseline 0.006 -18"><span class='ocrx_word' id='word_1_224' title='bbox 201 3067 203 3072; x_wconf 52' lang='lat'><strong><em>¹</em></strong></span> <span class='ocrx_word' id='word_1_225' title='bbox 248 3047 283 3105; x_wconf 91' lang='lat' dir='ltr'>ln</span> <span class='ocrx_word' id='word_1_226' title='bbox 297 3046 400 3120; x_wconf 77' lang='lat' dir='ltr'>gracili</span> <span class='ocrx_word' id='word_1_227' title='bbox 414 3047 528 3106; x_wconf 86' lang='lat' dir='ltr'>macies</span> <span class='ocrx_word' id='word_1_228' title='bbox 543 3047 656 3108; x_wconf 87' lang='lat' dir='ltr'>crimen</span> <span class='ocrx_word' id='word_1_229' title='bbox 673 3047 786 3108; x_wconf 87' lang='lat' dir='ltr'>habere</span> <span class='ocrx_word' id='word_1_230' title='bbox 803 3055 912 3122; x_wconf 85' lang='lat' dir='ltr'>potest</span> 
     </span>
     <span class='ocr_line' id='line_1_34' title="bbox 206 3128 1029 3207; baseline -0.004 -17"><span class='ocrx_word' id='word_1_231' title='bbox 206 3131 244 3190; x_wconf 88' lang='lat' dir='ltr'>Et</span> <span class='ocrx_word' id='word_1_232' title='bbox 257 3128 368 3205; x_wconf 88' lang='lat' dir='ltr'>poterit</span> <span class='ocrx_word' id='word_1_233' title='bbox 382 3129 441 3188; x_wconf 91' lang='lat' dir='ltr'>diei</span> <span class='ocrx_word' id='word_1_234' title='bbox 455 3132 610 3205; x_wconf 85' lang='lat' dir='ltr'>petulans,</span> <span class='ocrx_word' id='word_1_235' title='bbox 633 3147 712 3207; x_wconf 82' lang='lat' dir='ltr'>quac</span> <span class='ocrx_word' id='word_1_236' title='bbox 726 3132 841 3192; x_wconf 84' lang='lat' dir='ltr'>rustica</span> <span class='ocrx_word' id='word_1_237' title='bbox 854 3147 917 3192; x_wconf 85' lang='lat' dir='ltr'>non</span> <span class='ocrx_word' id='word_1_238' title='bbox 931 3139 994 3190; x_wconf 70' lang='lat' dir='ltr'>est:</span> <span class='ocrx_word' id='word_1_239' title='bbox 1025 3147 1029 3155; x_wconf 93' lang='lat'><em>·</em></span> 
     </span>
     <span class='ocr_line' id='line_1_35' title="bbox 145 3212 922 3290; baseline -0.005 -12"><span class='ocrx_word' id='word_1_240' title='bbox 145 3221 197 3278; x_wconf 72' lang='lat'>33⁰</span> <span class='ocrx_word' id='word_1_241' title='bbox 248 3212 285 3272; x_wconf 84' lang='lat' dir='ltr'>Et</span> <span class='ocrx_word' id='word_1_242' title='bbox 298 3213 409 3288; x_wconf 80' lang='lat' dir='ltr'>poterit</span> <span class='ocrx_word' id='word_1_243' title='bbox 423 3212 483 3276; x_wconf 88' lang='lat' dir='ltr'>dici</span> <span class='ocrx_word' id='word_1_244' title='bbox 496 3214 624 3289; x_wconf 84' lang='lat' dir='ltr'>rustica,</span> <span class='ocrx_word' id='word_1_245' title='bbox 648 3215 738 3290; x_wconf 88' lang='lat' dir='ltr'>siqua</span> <span class='ocrx_word' id='word_1_246' title='bbox 752 3216 851 3290; x_wconf 86' lang='lat' dir='ltr'>proba</span> <span class='ocrx_word' id='word_1_247' title='bbox 865 3222 922 3276; x_wconf 90' lang='lat' dir='ltr'>est.</span> 
     </span>
    </p>

    <p class='ocr_par' dir='ltr' id='par_1_4' title="bbox 207 3297 1054 3538">
     <span class='ocr_line' id='line_1_36' title="bbox 208 3297 1008 3373; baseline 0 -17"><span class='ocrx_word' id='word_1_248' title='bbox 208 3297 282 3370; x_wconf 81' lang='lat' dir='ltr'>Quin</span> <span class='ocrx_word' id='word_1_249' title='bbox 299 3297 402 3369; x_wconf 87' lang='lat' dir='ltr'>etiarn,</span> <span class='ocrx_word' id='word_1_250' title='bbox 427 3311 620 3373; x_wconf 84' lang='lat' dir='ltr'>quacumque</span> <span class='ocrx_word' id='word_1_251' title='bbox 635 3301 718 3357; x_wconf 84' lang='lat' dir='ltr'>carel</span> <span class='ocrx_word' id='word_1_252' title='bbox 731 3307 783 3360; x_wconf 84' lang='lat' dir='ltr'>tua</span> <span class='ocrx_word' id='word_1_253' title='bbox 798 3299 910 3358; x_wconf 83' lang='lat' dir='ltr'>lemine</span> <span class='ocrx_word' id='word_1_254' title='bbox 926 3297 1008 3369; x_wconf 89' lang='lat' dir='ltr'>dote,</span> 
     </span>
     <span class='ocr_line' id='line_1_37' title="bbox 249 3379 998 3456; baseline 0 -20"><span class='ocrx_word' id='word_1_255' title='bbox 249 3379 335 3438; x_wconf 85' lang='lat' dir='ltr'>Hanc</span> <span class='ocrx_word' id='word_1_256' title='bbox 349 3387 485 3453; x_wconf 88' lang='lat' dir='ltr'>moveat,</span> <span class='ocrx_word' id='word_1_257' title='bbox 510 3379 628 3440; x_wconf 88' lang='lat' dir='ltr'>blandis</span> <span class='ocrx_word' id='word_1_258' title='bbox 637 3379 742 3454; x_wconf 76' lang='lat' dir='ltr'>{usque</span> <span class='ocrx_word' id='word_1_259' title='bbox 758 3396 885 3456; x_wconf 84' lang='lat' dir='ltr'>precere</span> <span class='ocrx_word' id='word_1_260' title='bbox 902 3380 998 3440; x_wconf 87' lang='lat' dir='ltr'>sonis.</span> 
     </span>
     <span class='ocr_line' id='line_1_38' title="bbox 207 3459 1054 3538; baseline 0.001 -22"><span class='ocrx_word' id='word_1_261' title='bbox 207 3459 306 3530; x_wconf 83' lang='lat' dir='ltr'>Exige</span> <span class='ocrx_word' id='word_1_262' title='bbox 319 3461 404 3535; x_wconf 85' lang='lat' dir='ltr'>quod</span> <span class='ocrx_word' id='word_1_263' title='bbox 418 3468 532 3534; x_wconf 86' lang='lat' dir='ltr'>cantet,</span> <span class='ocrx_word' id='word_1_264' title='bbox 554 3463 643 3536; x_wconf 89' lang='lat' dir='ltr'>siqua</span> <span class='ocrx_word' id='word_1_265' title='bbox 657 3465 785 3524; x_wconf 84' lang='lat' dir='ltr'>estsine</span> <span class='ocrx_word' id='word_1_266' title='bbox 799 3479 880 3525; x_wconf 89' lang='lat' dir='ltr'>voce</span> <span class='ocrx_word' id='word_1_267' title='bbox 894 3464 1015 3538; x_wconf 78' lang='lat' dir='ltr'>puella:</span> <span class='ocrx_word' id='word_1_268' title='bbox 1050 3473 1054 3480; x_wconf 88' lang='lat'>·</span> 
     </span>
    </p>

    <p class='ocr_par' dir='ltr' id='par_1_5' title="bbox 250 3539 938 3620">
     <span class='ocr_line' id='line_1_39' title="bbox 250 3539 938 3620; baseline 0.01 -22"><span class='ocrx_word' id='word_1_269' title='bbox 250 3539 310 3598; x_wconf 82' lang='lat' dir='ltr'>Fac</span> <span class='ocrx_word' id='word_1_270' title='bbox 327 3543 427 3614; x_wconf 86' lang='lat' dir='ltr'>saltet,</span> <span class='ocrx_word' id='word_1_271' title='bbox 449 3545 547 3604; x_wconf 83' lang='lat' dir='ltr'>nescit</span> <span class='ocrx_word' id='word_1_272' title='bbox 561 3545 650 3620; x_wconf 86' lang='lat' dir='ltr'>siqua</span> <span class='ocrx_word' id='word_1_273' title='bbox 664 3561 788 3608; x_wconf 88' lang='lat' dir='ltr'>movere</span> <span class='ocrx_word' id='word_1_274' title='bbox 804 3549 938 3608; x_wconf 78' lang='lat' dir='ltr'>manum.</span> 
     </span>
    </p>
   </div>
   <div class='ocr_carea' id='block_1_4' title="bbox 0 0 1254 4008">
    <p class='ocr_par' dir='ltr' id='par_1_6' title="bbox 0 0 1254 4008">
     <span class='ocr_line' id='line_1_40' title="bbox 0 0 1254 4008; baseline 0 0"><span class='ocrx_word' id='word_1_275' title='bbox 0 0 1254 4008; x_wconf 95' lang='lat' dir='ltr'> </span> 
     </span>
    </p>
   </div>
  </div>
 </body>
</html>
