2498 4008
178 307 241 370 226
539 303 680 364 ARTIS
702 303 841 364 AMAT.

199 465 251 520 665
261 455 325 516 Nec
340 454 466 516 nimium
480 455 570 515 vobis
586 456 746 515 formonsa
758 457 867 516 ancilla
880 456 1046 519 ministret:

307 539 407 615 Saepe
423 539 522 600 vicem
537 539 678 599 dominae
693 539 832 614 praebuit
845 541 897 598 illa
910 540 994 599 milri.

265 623 331 698 Quo
347 623 430 682 seror
443 623 592 682 insanuss
614 623 688 696 quid
702 616 808 697 eperto
826 630 951 698 pectore
968 626 998 684 in
1015 625 1133 688 hostem
1218 653 1219 656 ¹

260 773 264 784 ¹
304 707 422 781 Mittor,
445 713 475 766 ct
488 705 601 766 indicio
617 707 732 781 prodor
747 705 784 766 ab
799 707 868 781 ipse
882 714 973 767 mect

261 791 329 852 lt'cn
344 791 411 850 avis
426 791 597 864 aucupibus
611 797 774 862 monstrat,
795 806 855 864 qua
870 799 956 866 parte
971 801 1104 867 petatur:

190 881 255 939 eto
305 874 372 934 Non
388 873 480 933 docet
492 873 621 954 irrsestos
636 887 757 934 currere
772 889 865 934 cerva
879 891 982 934 cenes.
1078 937 1081 945 ,,

261 957 381 1018 Viderit
394 957 516 1017 utilites'ss
540 972 604 1030 ego·
614 965 724 1032 coepta
738 955 869 1016 fideliter
883 959 981 1018 edam.

303 1040 476 1101 Lemniasin
492 1040 611 1115 gladios
627 1041 658 1098 in
675 1055 743 1098 mea
757 1040 819 1099 leta
834 1041 925 1101 dabo.

262 1124 418 1197 Efficite..
442 1130 471 1183 et
486 1124 575 1183 facile
590 1130 668 1183 est...
684 1129 717 1182 ut
731 1125 965 1189 noscrcdamus
979 1126 1088 1184 amari:

303 1207 404 1267 Prona
418 1207 500 1266 venit
515 1207 634 1282 cupidis
650 1207 680 1264 in
695 1221 751 1265 sua
768 1214 838 1268 vota
852 1207 942 1268 fides.

198 1297 249 1353 675
262 1290 386 1366 Spectet
400 1289 558 1349 amabilius
574 1291 728 1362 iuvenem,
739 1291 883 1363 'suspiret
898 1288 937 1348 ab
954 1290 1012 1349 imo

303 1373 441 1446 Femina,
465 1379 526 1432 tam
541 1387 611 1431 sero
627 1387 680 1430 cur
696 1372 857 1448 veniatque
871 1379 973 1446 rogem

262 1457 421 1517 Accedant
434 1456 591 1527 lacrimae,
616 1455 705 1514 dolor
719 1461 749 1514 et
763 1455 802 1514 de
817 1455 916 1530 pelice
930 1456 1028 1530 lictus,

303 1540 340 1599 Et
353 1540 445 1598 laniet
461 1538 563 1613 digitis
578 1539 658 1598 illius
675 1553 730 1598 cra
743 1538 837 1616 sulse,

261 1623 442 1683 Iamdudum
457 1637 625 1696 persuasus
640 1621 704 1680 erit.
726 1621 917 1682 miserebitur
931 1621 1019 1696 ultro,

197 1715 249 1770 680
300 1707 339 1766 Et
353 1707 433 1767 dicet
446 1710 533 1767 ‘cura
547 1705 681 1780 carpitur
694 1705 753 1764 ista
766 1706 850 1764 mei?

259 1790 428 1864 Praecipue
442 1789 469 1848 si
484 1789 582 1849 cultus
598 1789 654 1848 erit
669 1791 859 1868 speculoque
871 1787 1011 1864 placebit,

302 1873 401 1932 Posse
415 1887 472 1932 suo
486 1872 569 1946 tangi
585 1873 690 1933 credet
704 1887 807 1932 amore
822 1873 907 1932 deas.

179 1999 181 2004 ,
262 1955 325 2016 Sed
340 1963 384 2029 te,
407 1971 617 2032 quaecumque
629 1963 691 2027 est,
713 1955 870 2016 moderate
883 1953 993 2015 iniuria
1006 1955 1117 2029 turbet,

181 2067 184 2072 ·
303 2039 366 2098 Nec
381 2039 425 2099 sis
440 2039 543 2099 cudite
558 2039 655 2114 pelice
670 2040 779 2098 mentis
794 2039 900 2134 inops·

197 2131 249 2193 oss
260 2122 323 2182 Nee
338 2119 397 2182 cito
414 2121 590 2182 credideris.
615 2130 759 2197 quantum
775 2123 833 2183 cito
849 2123 975 2182 credere
989 2121 1102 2194 laedat,

200 2203 202 2207 ’
301 2205 482 2281 Exemplum
496 2205 586 2266 vobis
600 2222 662 2266 non
677 2207 746 2266 leve
761 2205 882 2266 Procris
897 2206 963 2264 erit.

259 2289 314 2349 Est
328 2304 426 2364 prope
442 2304 614 2365 purpureos
629 2290 716 2350 collis
732 2288 868 2350 florentis
882 2289 1017 2366 Hymetii

302 2371 384 2433 Fons
401 2387 489 2432 sacer
504 2379 534 2432 et
548 2373 636 2432 viridi
652 2373 787 2448 caespite
801 2372 901 2450 mollis
915 2372 1041 2432 humus:

261 2455 346 2515 Silva
359 2470 467 2515 nemus
482 2471 543 2515 non
558 2457 618 2515 elta
634 2457 714 2516 lecit.
736 2456 810 2531 tegit
822 2455 949 2516 arbutus
961 2455 1105 2514 herbame

184 2545 249 2602 cllo
301 2539 366 2598 Ros
380 2538 473 2598 maris
489 2545 519 2598 et
532 2539 608 2600 latui
621 2540 769 2615 nigraque
784 2546 901 2615 myrtus
917 2539 1013 2598 olent:

259 2622 322 2682 Nec
340 2621 469 2682 densum
485 2622 566 2683 loliis
580 2622 694 2682 buxum
709 2623 894 2698 fragilesque
908 2621 1050 2700 myricae,

302 2705 364 2764 Nec
378 2713 486 2766 tenues
503 2705 593 2782 cytisi
608 2707 749 2780 cultaque
763 2707 855 2782 pinus
868 2703 966 2764 abest.

260 2788 393 2850 Lenibus
408 2789 548 2865 inpulsae
562 2789 707 2868 zephyris
723 2804 858 2864 auraque
872 2787 986 2848 salubri

301 2874 357 2932 Tot
370 2888 514 2946 generum
525 2873 656 2934 ¹frondes
669 2873 826 2948 herbaque
841 2886 960 2931 summa
973 2870 1088 2929 tremite

196 2961 248 3018 695
258 2955 351 3014 Grato
366 2955 453 3030 quies
471 2957 614 3030 Cephalo.
636 2957 756 3017 lamulis
772 2955 961 3030 canibusque
975 2953 1088 3021 relictis

301 3037 418 3098 Lassus
432 3039 463 3098 in
477 3039 536 3098 hec
553 3041 672 3100 iuvenis
687 3055 783 3114 saepe
796 3038 912 3099 resedit
925 3038 1027 3115 humo,

261 3119 432 3196 ‘Quae’que
447 3125 545 3182 ‘meos
561 3123 680 3184 releves
696 3127 829 3192 aestus?
853 3127 976 3182 cantare
991 3117 1111 3180 solebat

303 3205 504 3281 ‘Accipienda
518 3205 602 3279 sinu,
626 3207 746 3267 mobilis
762 3223 852 3280 eura,
871 3205 965 3264 veni!
1071 3202 1073 3206 ’

261 3288 404 3362 Coniugis
419 3289 460 3348 ad
473 3290 594 3350 timidas
609 3290 718 3364 aliquis
733 3291 812 3350 male
827 3289 956 3350 sedulus
972 3301 1062 3347 aures

197 3377 249 3432 loc
301 3371 432 3432 Auditos
447 3373 574 3432 memori
589 3373 693 3433 detulit
708 3391 761 3435 ore
776 3389 882 3434 sonos.

260 3451 378 3510 Procris
393 3461 427 3512 ut
440 3457 559 3530 accepit
573 3473 698 3530 nornen,
720 3457 808 3532 quasi
823 3455 947 3531 pelicis,
971 3455 1084 3526 Aurae,

302 3532 434 3602 Excidit,
458 3543 487 3594 et
502 3539 601 3598 subito
617 3546 700 3602 muta
714 3541 821 3599 dolore
835 3538 900 3598 fuit.
1018 3567 1021 3572 ·
