2472 4010
134 223 176 288 lo
536 221 739 284 AMORUM

259 374 326 432 Non
345 373 424 433 bene
440 374 544 433 selecti
559 373 668 432 iudicis
683 388 755 432 arca
770 381 861 447 patet.
1076 437 1078 440 ,

162 489 172 499 ·
218 460 333 532 Turpe,
356 473 428 517 reos
443 464 545 532 empta
559 456 689 516 miseros
706 457 872 516 defendere
887 459 1000 534 lingua.

175 550 210 602 40
263 540 351 614 Quod
367 542 614 614 laciatmagnas,
637 548 727 614 turpe
742 541 886 616 tribunal,
907 558 997 617 opes.
1065 584 1068 589 -

218 625 333 699 Turpe,
355 626 412 685 tori
425 625 526 683 reditu
540 639 652 683 census
673 638 786 697 augere
801 631 957 701 paternos,
1054 631 1060 640 ”

256 708 297 768 Et
312 709 419 768 faeiem
435 708 519 767 lucro
537 707 731 781 prostituisse
746 723 844 766 suam.

218 791 321 854 Gratia
335 808 392 865 pro
409 791 499 850 rebus
515 792 623 850 merito
639 789 767 850 debetur
781 791 933 867 inemptis.
962 861 964 868 Α

259 874 317 934 Pro
333 877 412 933 male
427 875 579 934 conducto
595 873 690 947 gratia
707 875 787 932 nulla
802 881 880 935 toro.

91 1010 95 1015 .
174 965 208 1021 45
222 958 329 1020 Omnia
345 959 515 1018 conductor
527 959 627 1017 solvit.
650 958 791 1016 mercede
807 961 907 1020 solute

192 1059 194 1064 ·
258 1042 325 1101 Non
345 1051 446 1102 manet
461 1042 563 1101 officio
579 1040 700 1100 debitor
714 1041 764 1100 ille
778 1049 841 1101 tuo.

173 1140 182 1164 1
215 1125 347 1200 Parcite,
370 1127 538 1200 formosae,
561 1126 690 1199 pretium
706 1139 762 1198 pro
778 1133 868 1186 nocte
885 1127 1009 1201 pacisci.

257 1210 325 1268 Non
340 1209 432 1268 habet
447 1216 573 1268 eventus
589 1207 716 1267 sordida
733 1209 848 1281 praeda
863 1210 972 1272 bonos.

217 1293 284 1352 Non
300 1293 355 1352 fuit
369 1293 502 1352 armillas
518 1292 591 1352 tanti
611 1293 769 1367 pepigisse
785 1291 937 1368 Sabinas,

174 1387 210 1439 50
262 1378 302 1437 Ut
317 1382 487 1452 premerent
502 1391 609 1436 sacrae
625 1377 749 1450 virginis
764 1391 848 1434 arma
864 1384 967 1452 caput.¹

215 1460 241 1519 E
257 1460 368 1534 quibus
382 1461 513 1532 exierat,
533 1459 650 1520 traiecit
665 1461 880 1519 viscera‘lerro

248 1543 361 1604 Pilius.
391 1550 421 1602 et
437 1557 554 1618 poenae
569 1559 663 1602 eausa
677 1542 789 1602 monile
804 1544 868 1603 luit.

216 1627 278 1686 Neo
293 1636 393 1687 tamen
408 1627 564 1701 indignum
580 1635 628 1686 est
645 1643 662 1686 a
678 1626 770 1686 divite
785 1629 922 1700 praemia
937 1629 1039 1703 posci:

257 1711 384 1771 Munera
399 1712 538 1785 poscenti
555 1711 638 1784 quod
654 1711 726 1770 dare
742 1710 856 1784 possit,
877 1711 977 1773 habet

174 1806 207 1856 55
220 1795 339 1869 Carpite
355 1795 394 1853 de
410 1795 508 1869 plenis
526 1795 694 1868 pendentes
709 1793 822 1854 vitibus
837 1811 923 1868 uvas,
943 1851 949 1860 ,

73 1880 93 1890 “’
258 1878 407 1938 Praebeat
419 1878 540 1938 Alcinoi
558 1894 649 1952 poma
662 1877 812 1951 benignus
833 1894 915 1952 ager.

217 1961 357 2022 Officium
374 1977 491 2036 pauper
505 1968 658 2035 numerat,
682 1961 877 2037 studiumque
895 1962 1062 2038 fidemque
1133 1987 1140 1994 ν

260 2046 348 2119 Quod
364 2047 433 2119 quis
448 2045 553 2118 habet,
575 2046 717 2105 dominae
733 2045 871 2105 conferat
886 2062 976 2106 onme
991 2063 1076 2107 suae,

215 2130 271 2189 Est
287 2145 411 2205 quoque
428 2128 613 2189 carminibus
629 2131 751 2190 meritas
766 2128 922 2189 celebrare
937 2131 1056 2204 puellas

172 2223 208 2277 60
263 2213 326 2274 Dos
342 2229 419 2273 mea.
452 2229 543 2288 quarn
557 2213 654 2286 volui,
675 2221 747 2273 note
762 2213 796 2271 nt
808 2220 873 2272 arte
888 2229 966 2272 mea.

215 2296 399 2356 Scindentur
411 2305 530 2370 vestes,
552 2312 690 2370 gemmae
705 2297 879 2369 frangentur
894 2303 924 2354 et
940 2312 1062 2358 aurum:

258 2381 396 2440 Carmina
413 2397 504 2455 quam
520 2380 663 2451 tribuent,
687 2380 768 2438 fama
783 2379 927 2452 perennis
943 2380 1008 2440 erit.
1123 2377 1128 2391 '

213 2465 276 2523 Neo
293 2465 381 2538 dare,
403 2465 459 2524 sed
474 2465 604 2538 pretium
621 2463 710 2538 posci
725 2462 875 2535 dedignor
889 2470 919 2522 et
933 2463 995 2522 odi.

258 2548 345 2621 Quod
363 2563 442 2622 nego
458 2548 611 2622 poscenti,
633 2548 740 2607 desine
756 2546 850 2620 velle,
872 2545 962 2606 dabo.

133 2683 183 2776 ῙῙ
219 2681 378 2793 Colligere
392 2719 525 2779 incertos
540 2726 570 2779 et
585 2720 615 2777 in
631 2719 737 2778 ordine
752 2733 868 2793 ponere
883 2718 981 2778 crines

257 2805 367 2875 Docta,
390 2819 491 2876 neque
505 2803 631 2862 ancilias
646 2803 724 2861 inter
738 2801 880 2862 habende
894 2803 993 2877 Nape,

214 2887 311 2960 inque
326 2887 501 2946 ministeriis
518 2887 647 2946 furtivae
663 2885 784 2960 cognita
801 2888 899 2946 noctis

257 2971 345 3030 Utilis
360 2977 390 3029 et
406 2971 515 3030 dandis
531 2970 691 3045 ingeniosa
706 2971 796 3044 netiS,

186 3062 202 3113 5
215 3052 316 3128 Saepe
332 3054 438 3113 venire
452 3055 490 3114 ad
507 3070 556 3113 mc
570 3053 757 3114 dubitantem
772 3053 891 3114 hortata
906 3053 1075 3126 Corinnam,

252 3129 358 3211 'Saepe
375 3138 524 3198 laboranti
541 3137 738 3213 lidereperte
751 3138 833 3212 milri,
1074 3181 1077 3186 .

214 3223 345 3295 Accipe,
362 3230 392 3282 et
408 3223 447 3281 ad
463 3222 624 3281 dominam.
630 3229 788 3296 peraratas
804 3236 892 3280 mane
907 3218 1034 3280 tabellas

257 3304 375 3377 Perfer,
399 3313 430 3364 et
448 3305 603 3366 obstantes
620 3306 728 3365 sedula
745 3306 824 3379 pelle
842 3320 954 3364 moras.

214 3389 277 3447 Nec
295 3389 412 3448 silicum
428 3405 541 3461 venae,
560 3403 616 3448 nec
635 3390 744 3448 durum
758 3390 787 3447 in
807 3395 930 3464 pectore
947 3388 1068 3456 ferrum,

174 3480 216 3550 10Ι
259 3472 321 3530 Nec
336 3473 389 3532 tibi
405 3472 583 3546 simplicitas
600 3472 707 3531 ordine
723 3473 819 3532 maior
833 3472 930 3532 adest.
