2472 4010
417 218 773 314 111,11,e-12‚25.
1058 220 1100 284 ee

170 373 232 434 Aut
248 372 407 450 formonsa
419 371 502 432 iores
518 371 629 446 minus,
643 373 804 433 autminus
817 374 961 448 inproba,
974 367 1100 434 vellemr

68 453 84 482 “
212 456 279 516 Non
295 455 368 516 lacit
382 455 422 514 ad
437 471 540 516 mores
554 463 616 515 tam
630 455 714 516 bona
730 461 826 518 torma
840 459 949 518 melos.

170 539 262 598 Facta
276 546 394 598 merent
409 540 521 601 odium.
547 540 643 600 iacies
658 549 766 602 exorat
779 557 942 602 amorem.-

211 624 262 684 Me
281 623 438 699 miserum,
460 623 542 683 vitiis
558 624 627 699 plus
644 625 724 684 valet
737 625 788 683 illa
803 625 878 685 suis.

128 716 162 769 45
173 705 283 780 Parce,
307 724 363 782 per
377 723 396 767 0
411 708 481 768 lecti
496 708 623 768 socialia
637 707 721 782 iure,
742 724 798 784 per
813 709 929 785 omnis,

214 791 270 864 Qui
285 791 359 850 dant
373 791 525 854 fallendos
541 807 576 851 se
590 793 643 852 tibi
658 808 768 868 saepe,
787 793 880 867 deos,

170 873 291 949 Perque
305 883 387 934 mam
404 875 525 948 taciem,
546 877 648 952 magni
664 875 735 936 mihi
749 877 881 937 numinis
895 877 1005 952 instar,

213 957 332 1034 Perque
349 965 419 1018 tuos
439 962 561 1031 oculos,
584 961 636 1029 qui
651 975 782 1035 rapuere
796 976 893 1020 meos.
937 993 940 1000 ·

171 1041 324 1118 Quidquid
339 1041 416 1116 eris,
438 1057 508 1102 mee
522 1058 646 1118 semper
661 1043 732 1103 eris.
760 1049 793 1102 tu
808 1043 905 1119 selige
922 1053 1051 1118 tantum,

127 1135 163 1186 50
215 1123 265 1184 Me
280 1140 404 1200 quoque
419 1127 500 1185 velle
513 1127 607 1199 velis5
631 1141 711 1184 anne
726 1134 852 1187 coactus
867 1143 975 1188 amem.

169 1207 276 1268 Lintea
290 1209 360 1267 dem
375 1209 478 1283 potius
493 1210 654 1282 ventisque
670 1209 836 1269 terentibus
850 1217 933 1284 utar,

212 1293 266 1366 Ut,
288 1292 430 1367 quamvis
446 1293 555 1365 nolim,
580 1307 687 1366 cogar,
712 1305 813 1352 amare
828 1294 929 1353 velim.

94 1425 143 1520 ¹2
172 1423 252 1528 strue
268 1461 323 1521 luit
337 1461 486 1536 illedies,
510 1475 571 1534 quo
586 1460 683 1520 tristia
700 1473 822 1534 semper
836 1462 948 1524 emanti

214 1543 321 1604 Omina
335 1561 396 1604 non
408 1544 497 1604 albae
512 1543 709 1604 concinuistis
725 1551 818 1604 aveat

171 1627 300 1701 Quodve
314 1636 417 1703 putem
434 1627 522 1687 sidus
537 1629 650 1687 nostris
667 1643 827 1688 occurrere
843 1627 929 1701 latis,

185 1779 189 1794 Ι
213 1712 336 1784 Quosve
351 1711 472 1771 deos-in
488 1727 536 1770 me
551 1711 631 1770 bella
645 1727 771 1772 movere
786 1717 918 1786 querant

135 1803 160 1854 -5
172 1795 254 1869 Quae
267 1795 360 1856 modo
376 1794 457 1854 dieta
472 1809 541 1854 mea
555 1802 617 1866 est,
641 1809 732 1869 quam
748 1797 838 1871 coepi
853 1797 939 1856 solus
955 1812 1072 1872 aurare,

213 1878 286 1938 Cum
301 1879 403 1939 multis
416 1892 527 1938 vereor
542 1893 580 1937 ne
595 1879 634 1938 sit
647 1877 790 1938 habenda
804 1878 886 1938 mihi.
994 1954 998 1961 ¹

170 1961 327 2035 Fallimur,
353 1978 391 2022 an
406 1961 519 2023 nostris
535 1963 664 2022 innotuit
677 1962 729 2021 illa
743 1961 876 2022 libellis?

213 2045 264 2105 Sic
279 2046 345 2106 erit.
374 2046 496 2121 ingenio
514 2047 647 2120 prostitit
660 2046 711 2105 illa
724 2061 803 2106 mec.

170 2129 207 2189 Et
221 2131 338 2190 merito.
368 2129 446 2202 Quid
463 2130 543 2188 enim
558 2131 674 2190 iormae
690 2130 856 2204 praeconia
871 2129 951 2190 iecit

129 2224 163 2275 10
215 2213 386 2272 Vendibilis
401 2215 493 2287 culpa
506 2205 588 2274 lecta
601 2215 703 2289 puella
718 2229 787 2272 mee
801 2218 857 2273 est.

170 2295 221 2356 Me
233 2300 345 2358 lenone
361 2299 470 2373 placet.
500 2297 581 2357 duce
596 2313 645 2358 me
661 2298 829 2372 perductus
845 2303 975 2358 amatom

212 2381 307 2442 lanua
323 2397 378 2456 per
392 2387 514 2440 nostras
533 2388 580 2442 est
595 2381 743 2456 adaperta
758 2396 876 2441 manus.
1041 2376 1044 2382 '
1059 2447 1067 2459 .

169 2466 220 2522 An
240 2466 371 2540 prosint,
394 2465 529 2526 dubium.
564 2472 732 2525 nocuerunt
747 2465 881 2524 carmina
896 2481 1028 2541 semper.

213 2549 350 2609 Invidiae
368 2549 480 2610 nostris
495 2549 546 2608 illa
564 2550 649 2609 luere
663 2548 764 2609 bonis.

126 2642 160 2694 15
173 2632 248 2692 Cum
262 2632 379 2705 Thebe,
403 2649 471 2692 eum
486 2633 576 2692 Troia
591 2633 681 2706 foret,
704 2649 773 2693 cum
789 2631 930 2693 Caesaris
947 2641 1028 2706 acta,

213 2717 369 2791 Ingenium
383 2716 479 2777 movit
493 2717 561 2776 sola
576 2715 706 2777 Corinna
718 2731 827 2776 meum.

170 2801 300 2860 Aversis
316 2800 429 2860 utinam
442 2801 611 2874 tetigissem
627 2801 761 2860 earmina
777 2800 888 2872 Musis,

210 2884 353 2945 Phoebus
372 2890 402 2945 et
415 2885 570 2959 inceptum
587 2885 777 2946 destituisset
791 2891 887 2958 opust

169 2967 232 3029 Nec
247 2976 347 3030 tamen
361 2975 394 3029 ut
409 2975 505 3029 testes
521 2983 589 3029 mos
605 2976 654 3028 est
668 2968 775 3028 audire
793 2977 912 3043 poetas.

127 3061 163 3113 20
216 3054 381 3113 Malueram
398 3053 502 3113 verbis
517 3053 642 3128 pondus
657 3051 769 3112 abesse
785 3053 872 3113 meis.

168 3135 226 3196 Per
243 3132 300 3198 nos
317 3137 422 3213 Scylla
437 3137 515 3214 patri
530 3152 626 3197 canos
642 3137 741 3196 iurata
754 3135 883 3211 capillos

190 3245 193 3250 ·
211 3221 294 3282 Pube
310 3222 421 3296 premit
435 3221 561 3281 rabidos
578 3220 816 3296 inguinibusque
833 3235 936 3280 canes.

168 3304 231 3364 Nos
249 3304 379 3381 pedibus
396 3305 507 3381 pinnas
524 3306 674 3365 dedimus.
705 3319 763 3363 nos
780 3303 913 3363 crinibus
928 3317 1062 3378 anguem

187 3465 192 3474 .
212 3391 319 3451 Victor
331 3388 522 3449 Abantiades
541 3389 611 3448 alite
627 3389 722 3448 fertur
736 3401 827 3461 equo.

123 3482 159 3536 25
172 3473 256 3535 idem
271 3491 327 3552 per
343 3474 476 3550 spatium
489 3473 598 3550 Tityon
614 3471 808 3547 porreximus
825 3471 949 3542 ingens,
