2472 4010
113 250 156 312 30
459 305 461 310 ,
524 243 723 308 AMORUM
754 259 778 298 ὓ

146 449 170 542 7
196 447 282 556 Ergo
301 479 449 541 sulliclam
466 495 536 546 reus
554 479 583 538 in
601 495 682 538 nova
697 478 822 538 crimina
835 485 980 552 sempera
1065 499 1069 503 2

241 567 281 626 Ut
297 564 431 636 vincam,
455 564 567 622 totiens
586 561 764 624 dimicuisse
778 561 870 635 piget.
917 593 919 604 ι
1019 576 1032 602 ⁵

201 651 273 710 Sive
287 665 345 722 ego
360 647 520 706 marmorei
536 647 663 720 respexi
677 661 796 704 summa
812 644 934 716 theatri,

241 732 335 806 Eligis
352 748 369 790 c
387 731 503 804 multis,
523 730 603 788 unde
621 728 725 788 dolere
745 729 838 788 veliss
864 773 868 778 .
919 750 947 786 ·.

172 829 187 878 n
201 816 337 877 Candida
354 830 410 874 seu
425 813 516 874 tacito
534 813 608 872 vidit
625 824 673 872 me
690 812 801 870 femina
816 812 917 885 vultu,

240 901 274 958 In
291 899 375 958 vultu
390 897 496 956 tacitas
511 896 614 969 arguis
630 911 701 954 esse
716 902 815 957 nolas.

201 983 325 1058 Siquam
342 981 479 1051 laudavi,
502 980 614 1040 misero
631 980 710 1053 petis
720 991 827 1052 ungue
840 978 986 1052 capillos:

146 1095 148 1098 ·
190 1128 195 1138 ,
242 1067 274 1126 Si
290 1066 396 1140 culpo,
415 1065 530 1136 crimen
546 1063 740 1124 dissimulare
756 1069 857 1136 putas.

200 1151 272 1210 Sive
285 1151 386 1208 bonus
407 1149 493 1208 color
510 1153 571 1219 est,
593 1146 623 1206 in
638 1154 667 1206 te
684 1156 807 1220 quoque
822 1145 950 1220 frigidus
962 1159 1070 1210 esse...

157 1246 191 1297 10
241 1233 303 1294 Seu
320 1234 431 1305 malus,
453 1231 577 1290 alterius
594 1232 681 1292 dicor
696 1245 800 1290 amore
818 1229 905 1288 mori.

199 1319 300 1392 Atque
315 1332 373 1390 ego
391 1315 508 1390 peccati
524 1315 634 1374 vellem
648 1313 720 1374 milti
739 1314 882 1375 conscius
899 1327 1009 1394 essem.

242 1403 351 1475 Aequo
368 1400 468 1458 animo
486 1413 617 1472 poenam
636 1399 688 1472 qui
705 1413 859 1468 meruere,
885 1397 992 1457 lerunt.

199 1486 284 1544 Nunc
301 1482 602 1553 temereinsimulas,
622 1481 845 1556 credendoque
862 1481 1091 1540 omniafrustra

240 1569 313 1642 Ipsa
330 1574 414 1638 vetas
430 1567 503 1624 iram
521 1565 642 1639 pondus
658 1565 772 1624 habere
789 1573 881 1628 tuam.
947 1612 949 1616 -

125 1655 132 1663 '
158 1662 190 1714 15
201 1653 331 1726 Aspice,
351 1658 384 1709 ut
402 1651 516 1710 auritus
532 1649 725 1726 miserandae
741 1651 834 1710 sortis
852 1649 967 1711 asellus
1064 1699 1066 1702 .

136 1765 141 1776 ι
242 1734 381 1795 Adsiduo
400 1733 531 1792 domitus
549 1733 678 1792 verbere
698 1734 798 1792 lentus
811 1741 871 1793 eat.
947 1753 949 1757 ·

198 1819 279 1878 Ecce
293 1833 407 1892 nouum
423 1817 551 1888 crimen,
575 1817 685 1876 sollers
703 1833 812 1876 ornare
828 1817 977 1894 Cypassis

243 1902 376 1961 Obicitur
391 1901 532 1960 dominae
548 1907 774 1962 contemerasse
789 1907 897 1960 torum.
930 1941 932 1944 -

198 1986 236 2046 Di
252 1985 376 2058 melius,
400 2001 491 2058 quam
506 2000 570 2055 me,
595 1984 621 2042 si
636 1985 675 2043 sit
688 2000 839 2058 peccasse
855 1984 964 2056 libido,

157 2081 191 2133 20
247 2069 378 2129 Sordida
394 2075 586 2141 contemptae
603 2069 694 2128 sortis
711 2069 809 2127 antica
824 2069 923 2128 iuvett
981 2093 984 2098 ⁴

121 2215 127 2220 ,
200 2154 272 2228 Quis
286 2152 418 2211 Veneris
437 2153 568 2210 famulae
581 2153 711 2211 conubia
727 2151 804 2211 liber
822 2152 899 2210 inire

242 2239 400 2310 Tergaque
417 2236 568 2308 conplecti
583 2237 712 2294 verbere
727 2243 814 2294 secta
828 2237 921 2295 velit?

199 2321 291 2382 Adde
308 2321 392 2394 quod
408 2319 552 2378 ornandis
570 2319 619 2378 illa
634 2327 681 2378 est
697 2327 823 2393 operata
838 2319 973 2392 capillis,

241 2405 279 2464 Et
293 2405 346 2462 tibi
365 2419 420 2476 per
435 2403 541 2462 doctas
557 2411 642 2476 grata
658 2404 794 2464 ministra
810 2419 928 2462 marrus.

157 2487 324 2550 assalliret
339 2487 492 2558 ancillam,
517 2503 596 2560 quae
615 2495 674 2545 taor
690 2486 744 2545 tibi
760 2487 835 2556 lida,
855 2492 1016 2564 rogarem?

243 2571 336 2646 Quid,
358 2571 416 2628 nisi
430 2577 463 2630 ut
477 2571 591 2630 indicio
606 2572 708 2630 iuncta
723 2572 848 2644 repulsa
864 2569 960 2629 soret?

199 2655 257 2713 Por
270 2655 422 2714 Venerem
438 2654 503 2716 iuro
520 2654 668 2728 puerique
683 2655 815 2714 volatilis
832 2661 935 2717 arcust

242 2739 291 2797 llllc
306 2755 367 2798 non
383 2739 512 2798 admissi
523 2736 658 2800 criminis
673 2753 744 2798 esse
759 2753 854 2820 reum.

146 2871 173 2965 8
201 2869 362 2967 Ponendis
381 2908 411 2966 in
427 2909 508 2966 mille
524 2909 635 2969 modos
652 2909 787 2982 perlecta
803 2907 937 2981 capillis,

243 2993 369 3050 Comere
383 2993 440 3050 sed
457 2993 541 3052 solas
556 2991 663 3066 digna,
689 2991 835 3076 Cypassi,
862 2991 953 3062 deae,

198 3075 236 3134 Et
250 3075 322 3132 mihi
340 3075 471 3134 iucundo
488 3093 549 3134 oon
566 3077 681 3137 rustica
694 3075 818 3148 cognita
833 3076 927 3147 furto,

241 3161 323 3233 Apta
340 3159 463 3232 quidem
480 3159 636 3230 dominae,
661 3159 718 3218 scd
732 3158 830 3232 magis
851 3166 923 3233 apta
937 3155 1025 3228 mihi,

171 3242 271 3316 notris
289 3243 343 3301 luit
361 3244 437 3302 inter
451 3260 509 3304 nos
529 3244 636 3302 sociati
651 3244 792 3316 corporis
809 3243 923 3303 iudex?

243 3327 346 3386 Sensit
361 3329 540 3386 concubitus
558 3327 639 3384 unco
655 3326 786 3386 Corinna
801 3333 891 3386 tuost

199 3409 276 3468 Num
289 3418 389 3470 tamen
405 3410 524 3481 erubui,
548 3427 634 3482 num,
657 3411 753 3468 verbo
769 3411 875 3482 lapsus
891 3411 920 3468 in
936 3410 1025 3480 ullo,¹

202 3518 206 3526 ¹
241 3493 382 3553 Furtivae
397 3493 519 3553 veneris
537 3494 661 3553 conseia
678 3493 765 3566 signa
780 3493 874 3552 dedit
