2472 4010
463 281 468 330 7
545 253 747 314 nuceum

262 408 307 468 'lu
322 407 406 481 mihi,
430 407 520 481 siqua
536 406 631 477 fides,
656 420 729 465 cura
745 405 887 480 perennis
908 403 980 465 eris.
1066 427 1069 430 ·

188 498 190 510 ·
220 491 332 552 Tecum
350 507 428 568 quos
449 491 589 551 dederint
605 503 702 549 annos
719 489 792 548 milri
808 490 860 548 tila
874 503 1032 564 sororum,

263 576 377 636 Vivere
395 575 563 649 contingat,
586 580 678 647 teque
695 573 819 633 dolente
832 572 920 632 mori.

221 657 262 718 Te
277 658 349 719 milri
363 659 518 718 materiem
534 657 653 717 felicem
667 657 698 715 in
716 657 850 716 carmina
866 656 994 732 praebe,

179 750 214 802 20
265 741 449 804 Provenient
464 757 559 802 causa
575 739 709 800 carmina
723 741 817 814 digna
833 757 898 800 sua.

225 825 362 885 Carmine
379 841 489 885 numen
504 824 617 883 habent
636 825 779 883 exterrita
794 823 936 884 cornibus
952 823 985 883 10

263 908 301 968 Et
317 924 409 983 quem
424 907 570 968 fluminea
588 907 661 966 lusit
676 906 795 967 adulter
810 924 882 981 ave,

223 992 370 1066 Quaeque
385 1007 478 1066 super
493 995 618 1065 pontum
634 987 775 1052 simulate
791 999 880 1051 vecta
894 991 1025 1053 iuvenco

266 1075 412 1151 Virginea
426 1075 522 1134 tenuit
538 1087 654 1132 cornua
667 1089 744 1132 vara
761 1091 862 1136 manu.

180 1168 213 1221 25
224 1159 288 1218 Nos
306 1175 430 1234 quoque
447 1174 502 1234 per
516 1164 610 1218 toturn
628 1156 740 1232 pariter
757 1159 946 1219 cantabimur
961 1157 1079 1229 orbem,

265 1243 433 1318 iunctaque
452 1257 575 1316 semper
589 1247 676 1300 erunt
694 1243 818 1302 nomina
833 1251 939 1304 nostra
956 1242 1026 1304 tuis.

152 1454 193 1548 4
221 1453 283 1548 Vir
297 1495 369 1548 tuus
385 1496 432 1548 est
448 1490 555 1564 epulas
570 1489 660 1548 nubis
677 1489 816 1549 aditurus
833 1486 968 1546 easdem.

265 1572 377 1632 Ultima
398 1587 496 1632 coena
514 1579 565 1632 tuo
581 1573 634 1646 sit,
651 1588 775 1647 precer,
797 1572 848 1630 illa
865 1571 942 1631 vire.

217 1657 304 1730 ¹Ergo
321 1670 379 1729 ego
396 1656 536 1716 dilectam
550 1663 665 1716 tantum
680 1655 814 1716 conviva
830 1654 961 1728 puellam
1032 1661 1035 1666 ·

265 1739 444 1814 Aspiciam?
463 1739 545 1814 tangi
562 1755 653 1812 quem
667 1740 773 1813 iuvet,¹
786 1740 863 1798 alter
879 1738 955 1797 erit?

195 1823 420 1895 sAlrerlusque
436 1821 522 1882 sinus
540 1829 611 1898 apte
628 1823 766 1882 subiecta
781 1820 925 1894 torrebis?

265 1905 374 1966 Iniciet
386 1907 465 1965 cello
483 1921 552 1966 cum
566 1908 649 1967 volet
663 1909 713 1966 ille
728 1911 870 1966 manum?

223 1989 337 2048 Desine
352 1988 467 2064 mirari,
489 1991 590 2064 posito
606 1991 687 2064 quod
707 1988 839 2054 eandida
854 1988 926 2046 vino

265 2072 387 2132 Atracis
404 2074 564 2147 ambiguos
579 2068 670 2133 traxit
683 2073 714 2132 in
729 2087 814 2131 arma
827 2071 924 2131 viros.
1002 2070 1156 2146 [haerentz

222 2154 284 2214 Nec
306 2155 378 2215 rnihi
408 2157 486 2216 silva
513 2157 638 2230 domus,
666 2173 724 2217 nee
753 2163 834 2230 equo
856 2169 925 2214 mea
945 2155 1082 2214 membra
1104 2171 1157 2216 co-

182 2251 215 2302 10
267 2239 329 2298 Vix
344 2256 363 2297 a
377 2245 407 2298 te
425 2241 531 2299 videor
548 2256 644 2316 posse
658 2246 762 2313 tenere
775 2253 893 2314 manus.

222 2322 306 2396 Quae
321 2321 374 2382 tibi
391 2323 452 2384 sint
469 2323 610 2384 facienda
627 2330 743 2396 tamen,
767 2336 931 2395 cognosce.
966 2336 1024 2380 nec
1040 2321 1122 2381 euris

265 2405 409 2478 Demea,
432 2421 490 2466 nec
505 2408 616 2482 tepidis
632 2405 729 2465 verba
743 2405 871 2464 terenda
886 2405 976 2464 netis.

136 2557 137 2560 Ἴ
223 2489 304 2548 Ante
318 2490 403 2560 veni,
428 2506 517 2564 quam
535 2491 590 2548 vir.
625 2506 683 2550 nec
700 2489 789 2562 quid,
811 2490 837 2547 si
856 2489 978 2549 veneris
996 2495 1080 2563 ente,
1164 2475 1168 2496 '

265 2571 367 2633 Possit
386 2573 450 2647 egi,
471 2573 572 2634 video.
607 2574 663 2634 sed
678 2580 778 2632 tamen
794 2578 863 2631 ante
880 2573 961 2630 veni.

183 2667 215 2719 15
227 2656 301 2716 Cum
316 2663 434 2731 premet
447 2656 498 2716 illc
515 2664 629 2732 torum,
651 2657 735 2717 vultu
753 2671 857 2716 comes
872 2655 941 2730 ipsa
956 2655 1096 2716 modesta

265 2738 342 2813 ibis,
364 2747 397 2798 ut
411 2740 591 2815 accumbas,
614 2743 690 2800 clam
706 2739 779 2799 mihi
795 2745 887 2813 tange
902 2740 1022 2815 pedem.

223 2823 273 2882 illc
288 2829 395 2897 specta
410 2830 564 2900 nutusque
579 2840 666 2886 meos
682 2824 859 2898 vultumque
873 2824 1048 2898 loquacem

267 2907 384 2980 Excipe
399 2907 528 2968 furtivas
545 2913 575 2967 et
591 2909 671 2967 reler
687 2908 757 2982 ipsa
778 2912 878 2967 notas.

222 2989 327 3048 Verba
341 2991 513 3065 superciliis
532 2991 598 3052 sine
615 3005 693 3052 voce
707 2991 863 3065 loquentia
878 2987 992 3050 dicam:
1222 3013 1223 3095 p

181 3082 216 3134 20
266 3073 371 3132 Verba
385 3076 471 3149 leges
486 3075 604 3149 digitis,
627 3074 725 3135 rerba
741 3081 843 3136 notata
861 3087 955 3133 merc.

224 3155 298 3216 Cum
313 3155 366 3216 tibi
383 3166 541 3220 succurret
557 3160 681 3220 veneris
695 3159 824 3218 lascivia
837 3164 972 3231 nostrae,

265 3239 439 3316 Purpureas
455 3249 561 3302 tenero
579 3243 692 3318 pollice
707 3250 799 3316 tange
814 3256 919 3316 genas.

224 3321 333 3396 Siquid
355 3325 426 3400 erit,
446 3326 548 3386 derne
566 3327 656 3386 tacita
672 3327 756 3400 quod
771 3332 872 3386 mente
886 3324 1039 3399 loqueris,

264 3406 400 3468 Pendeat
416 3415 552 3468 extrema
568 3410 668 3470 mollis
684 3410 723 3468 ab
738 3425 812 3468 aure
827 3423 945 3468 manus.

180 3496 215 3548 25
227 3489 299 3551 Cum
313 3489 367 3549 tibi
382 3508 461 3566 quae
483 3491 606 3568 luciam,
629 3507 696 3554 mea
712 3494 779 3567 lux,
803 3493 956 3566 dicarem,
980 3489 1156 3566 placebunt,
