2488 4006
354 271 418 331 llll.
439 269 660 332 PHAEDRA
684 267 726 332 99
739 267 864 332 -174.
1075 262 1117 329 83

182 423 246 484 Neo
261 422 349 484 labor
362 427 419 482 est.
442 421 542 481 celare
557 421 637 480 lieet.
660 429 731 496 pete
744 437 856 498 munus
871 421 909 482 ab
924 421 984 482 illa

227 507 362 582 Cognato
378 503 489 581 poterit
502 503 624 564 nomine
639 505 730 580 eulpa
744 505 815 580 tegi.

183 590 303 650 Viderit
317 591 477 664 amplexus
493 587 619 662 aliquis,
642 588 833 649 laudabimur
847 588 954 648 ambo:

120 683 173 739 140
225 673 317 733 Dicar
332 670 472 748 privigno
487 671 550 732 lida
564 686 699 740 noverca
713 687 792 732 meo.

183 758 251 817 Non
265 755 318 817 tibi
333 770 389 832 per
404 754 545 815 tenebras
561 753 628 814 duri
642 755 809 815 reseranda
822 753 920 814 mariti
1013 763 1014 766 ’

227 841 337 914 lanua,
361 854 422 900 non
439 846 543 898 custos
560 837 760 913 decipiendus
774 837 839 898 erit.

185 923 226 984 Ut
239 924 334 983 tenuit
349 921 458 982 domus
473 937 535 982 una
552 921 646 994 duoS,
670 921 780 982 domus
794 939 856 981 una
870 919 992 981 tenebit.

230 1006 341 1067 Oscula
356 1013 462 1080 aperta
476 1003 589 1077 dabas,
612 1006 719 1066 oscula
734 1013 840 1080 aperta
855 1004 952 1064 dabis.

120 1099 172 1153 145
182 1089 275 1149 Tutus
291 1089 351 1148 eris
366 1103 485 1148 mecum
502 1087 688 1160 laudemque
702 1088 859 1148 merebere
875 1087 973 1162 culpa,

227 1173 272 1230 Tu
285 1171 356 1229 licet
370 1170 399 1228 in
414 1173 493 1229 lecto
510 1170 703 1243 conspiciare
717 1185 796 1230 meo.

185 1256 269 1316 Tolle
283 1267 385 1312 moras
400 1259 529 1324 tantum,
553 1260 779 1326 properataque
794 1253 921 1312 foedera
936 1253 1042 1327 iunge!

230 1337 285 1412 Qui
301 1333 373 1395 mihi
388 1351 468 1396 nuno
485 1337 607 1406 saevit,
619 1337 664 1394 sic
680 1335 732 1396 tibi
750 1345 854 1411 parcat
867 1337 972 1395 Amor.

186 1422 253 1483 Non
265 1434 324 1496 ego
341 1419 490 1495 dedignor
505 1420 636 1494 supplex
652 1418 836 1494 humilisque
853 1418 983 1494 precari.
1054 1418 1055 1422 ’

124 1517 176 1568 150
228 1504 311 1563 Haut
335 1503 386 1563 ubi
401 1519 482 1562 nunc
497 1503 595 1562 fastus
611 1503 733 1576 altaque
749 1503 841 1562 verba
858 1504 977 1562 iacenti

186 1587 225 1648 Et
241 1601 378 1662 pugnare
394 1587 459 1658 diu,
483 1601 541 1645 nec
555 1601 604 1644 me
620 1587 804 1646 summittere
822 1587 930 1662 culpae

231 1670 317 1729 Certa
332 1669 384 1728 lui.
406 1667 479 1728 certi
498 1669 599 1741 siquid
618 1669 744 1729 haberet
758 1685 852 1730 amor.

187 1754 276 1813 Victa
291 1767 415 1827 precor,
438 1749 630 1826 genibusque
644 1753 704 1811 tuis
718 1755 833 1825 regalia
848 1752 940 1812 tendo

229 1835 388 1896 Bracchia.
421 1833 499 1908 Quid
514 1834 636 1907 deceat,
660 1850 721 1894 non
738 1835 822 1895 videt
835 1836 915 1895 ullus
935 1850 1051 1894 amans.

124 1931 176 1984 155
187 1919 355 1996 Depuduit,
380 1918 589 1994 profugusque
605 1917 705 1991 pudor
720 1933 777 1978 sua
791 1919 879 1993 signa
894 1918 1025 1993 reliquit.

231 2003 277 2062 Da
293 2002 413 2061 veniam
430 2003 548 2072 lassae,
570 2002 707 2076 dirraque
723 2001 819 2061 corda
835 2003 941 2061 doma!

190 2086 278 2161 Quod
293 2086 370 2144 mihi
386 2086 425 2144 sit
438 2083 570 2159 genitor,
594 2087 646 2158 qui
660 2083 802 2159 possidet
816 2101 961 2161 aequora,
976 2085 1087 2159 Minoe,

231 2170 319 2244 Quod
333 2169 457 2228 veniant
472 2168 579 2244 proavi
596 2169 720 2228 lulmina
734 2174 813 2229 torta
827 2185 926 2243 manu,

190 2253 278 2328 'Quod
293 2255 331 2313 sit
346 2269 422 2312 avus
436 2252 531 2312 radiis
547 2251 677 2311 frontem
691 2252 821 2312 vallatus
837 2251 943 2326 acutis,

123 2348 177 2402 160
228 2337 384 2412 Purpureo
400 2336 536 2410 tepidum
552 2335 603 2409 qui
619 2343 722 2396 movet
736 2351 795 2395 axe
810 2335 923 2395 diem...

188 2421 337 2481 Nobilitas
353 2419 409 2480 sub
426 2433 529 2480 amore
544 2417 632 2478 iacet.
655 2420 800 2480 miserere
817 2419 959 2494 priorum,

231 2501 270 2563 Et
282 2503 354 2562 mihi
371 2503 398 2563 si
414 2518 475 2562 non
490 2503 539 2562 vis
555 2517 696 2576 parcere,
719 2517 812 2579 parce
828 2503 919 2562 meist

188 2589 245 2648 Est
260 2587 331 2646 milri
346 2587 456 2647 dotalis
471 2586 560 2646 tellus
576 2585 658 2646 lovis
673 2587 788 2660 insula,
809 2585 905 2645 Crete.

174 2719 176 2724 .
233 2669 354 2732 Serviat
368 2671 536 2748 Hippolyto
551 2671 636 2744 regia
650 2675 714 2730 tota
728 2683 807 2728 meo.
822 2724 825 2732 .

123 2763 175 2820 165
185 2753 290 2814 Flecte
305 2756 387 2814 leros
403 2753 534 2813 animost
556 2753 655 2814 Potuit
669 2765 865 2827 corrumpere
880 2756 999 2810 taurum

230 2837 337 2898 Mater.
360 2839 419 2897 eris
434 2845 520 2897 tauro
537 2838 660 2896 saevior
673 2837 742 2913 ipsa
759 2835 856 2896 trucit

188 2921 426 2994 Perveneram,
448 2936 574 2996 parcae,
600 2937 670 2993 oro,
692 2935 772 2994 quae
787 2919 916 2996 plurima
930 2931 1049 2978 mecum
1061 2922 1123 2978 este

232 3004 283 3065 Sic
298 3020 463 3080 numquam
480 3010 603 3081 quaele
621 3018 768 3079 spernere
785 3003 898 3080 possit,
918 3016 1018 3063 ames:

190 3088 240 3149 Sic
254 3089 307 3148 tibi
323 3089 449 3149 seeretis
467 3087 556 3170 agilis
572 3087 631 3148 dea
646 3087 773 3148 saltibus
790 3087 878 3162 adsit,

123 3179 177 3236 170
231 3169 377 3247 Silvaque
392 3172 567 3248 perdendas
582 3169 729 3246 praebeat
744 3171 804 3232 alta
818 3172 916 3230 leras=

191 3255 241 3316 Sic
256 3256 379 3317 lateant
393 3255 505 3334 satyri,
528 3263 733 3330 montanaque
748 3255 872 3315 numina
888 3253 996 3326 Panes,

230 3341 268 3399 Et
282 3341 372 3401 cadat
386 3341 519 3400 adversa
534 3340 663 3416 cuspide
678 3340 783 3399 lossus
799 3353 888 3411 aper·

189 3425 241 3484 Sic
256 3423 308 3484 tibi
324 3425 397 3486 dent
410 3422 598 3502 nymphae...
620 3421 761 3498 quamvis
778 3421 884 3479 odisse
899 3417 1017 3493 puellas
1051 3501 1054 3508 .

230 3509 381 3570 Diceris...
398 3514 533 3569 arentem
549 3523 628 3584 quae
646 3508 728 3566 levet
740 3503 824 3564 unda
839 3502 958 3648 sitim&
