2488 4006
342 277 447 335 xvm.
473 277 575 355 01110]
599 275 953 342 11000044-110.
1003 255 1009 267 ’
1064 277 1125 366 tta
1217 320 1224 334 ,

185 431 186 436 ’
230 429 266 490 Ε1
283 445 448 504 numquam
465 429 604 504 placidas
622 445 693 488 esse
709 445 851 505 precarer
864 445 971 506 aquas.

190 514 266 587 Quid
280 519 380 572 tarnen
397 512 509 590 evenit,
532 528 587 572 cur
604 512 648 572 sis
664 514 846 574 metuentior
861 515 972 589 undae,

231 598 502 672 Contemptumque
517 598 600 672 prius
616 613 695 656 nune
712 611 838 657 vereare
855 597 982 658 fretum?

145 691 179 743 85
190 681 263 740 Nam
280 681 401 740 memini
418 695 486 740 cum
500 687 529 739 te
546 696 672 740 saevum
687 680 828 740 veniente
842 682 1007 756 minaxque

215 765 296 836 ¹Non
315 763 429 838 1111000,
451 771 502 823 001
515 765 609 824 multo
625 779 686 824 non
704 764 803 823 minus
820 780 936 839 aequor
950 772 1028 826 erat:

189 849 260 907 Cum
275 848 327 907 tibi
344 849 511 907 clamabam
529 849 587 908 ‘sie
603 855 636 908 tu
650 847 829 908 temerarius
845 857 922 921 esto,

229 932 272 990 Ne
287 932 417 991 miserae
433 933 528 991 virtus
544 933 584 991 sit
597 939 650 992 tua
664 930 769 990 flenda
784 931 877 990 mihi!

189 1013 275 1074 Unde
291 1032 391 1075 novus
406 1016 495 1074 timor
509 1015 573 1088 hie,
598 1032 723 1090 quoque
739 1016 790 1074 illa
807 1015 935 1075 audacia
950 1013 1044 1090 fugiit

145 1105 180 1158 90
232 1099 361 1172 Magnus
376 1098 428 1157 ubi
443 1105 491 1157 est
507 1100 618 1173 spretis
632 1098 682 1156 ille
699 1105 817 1157 natator
832 1099 942 1172 aquis?

189 1179 237 1240 Sis
258 1189 358 1239 tamen
374 1181 433 1238 lroe
450 1182 566 1254 potiuS,
591 1196 680 1253 quam
699 1181 782 1255 quod
798 1181 883 1255 prius
901 1197 972 1241 esse
989 1181 1121 1256 solebas

228 1264 265 1321 Et
281 1264 376 1323 iacias
393 1264 545 1338 placidum
562 1279 617 1338 per
632 1279 715 1322 mare
730 1269 812 1322 tutus
829 1265 899 1322 iter:

186 1347 357 1406 Dummodo
376 1348 419 1407 sis
436 1348 525 1406 idem.
549 1347 621 1406 dum
639 1348 698 1420 sic,
722 1355 754 1405 ut
767 1346 892 1422 scribis,
915 1365 1058 1423 amemur,

228 1431 425 1505 Flammaque
439 1447 500 1490 non
516 1431 569 1490 liat
583 1431 710 1504 frigidus
726 1431 777 1488 illa
792 1430 879 1490 cinis.
947 1426 950 1430 ’

144 1522 178 1574 95
189 1513 256 1574 Non
272 1521 407 1587 egotam
425 1521 533 1574 ventos
549 1516 640 1573 timeo
658 1529 726 1573 mea
743 1522 817 1574 vota
832 1523 995 1588 morantes,

231 1598 326 1671 Quam
344 1598 449 1657 similis
465 1605 556 1657 vento
574 1615 612 1656 ne
625 1605 695 1657 tuus
711 1605 790 1657 erret
806 1614 904 1658 amor:
950 1641 954 1644 .

185 1681 229 1738 Ne
244 1697 305 1740 non
321 1681 377 1738 sim
392 1681 479 1754 tanti,
503 1688 711 1756 superentque
726 1681 862 1756 pericula
876 1699 1009 1755 causam,

227 1765 264 1823 Et
280 1764 384 1833 videar
398 1781 516 1824 merces
532 1780 603 1823 esse
617 1765 721 1824 labore
736 1765 843 1824 minor.

185 1847 339 1906 Interdum
357 1856 473 1921 metuo,
498 1849 596 1922 patria
610 1863 648 1906 ne
663 1848 793 1929 laedar,¹
806 1857 835 1908 et
852 1849 942 1924 inpar

123 1942 174 1992 100
226 1931 317 1990 Dicar
332 1932 485 2009 Abydeno
502 1931 635 1991 Thressa
650 1932 749 2006 puella
766 1939 843 1992 toro.

185 2014 277 2072 Ferre
292 2023 391 2074 tamen
410 2031 536 2088 possum
552 2016 715 2090 patientius
732 2016 847 2089 omnia,
871 2013 1004 2092 quamsi

230 2097 296 2156 Otia
311 2099 417 2157 neseio
434 2117 494 2174 qua
509 2101 606 2174 pelice
621 2106 731 2174 eaptus
747 2100 822 2173 agis,

185 2181 219 2238 ln
238 2187 289 2239 tua
304 2183 330 2240 si
345 2183 471 2242 veniunt
486 2184 576 2241 alieni
593 2185 672 2241 00110
685 2184 798 2256 lacerti,
897 2232 898 2238 ,

127 2270 129 2274 ’
228 2263 334 2338 Fitque
351 2280 448 2324 novus
463 2268 560 2326 nostri
579 2267 648 2325 finis
664 2267 776 2326 amoris
793 2281 887 2324 amor.

121 2348 226 2408 100111
250 2349 350 2422 potius
368 2363 503 2422 peream,
527 2367 617 2423 quam
634 2350 758 2408 erimine
773 2351 916 2409 vulnerer
930 2349 1005 2410 isto:

227 2431 362 2506 Fataque
378 2432 437 2490 sint
451 2435 540 2507 culpa
557 2441 663 2492 nostra
681 2433 783 2507 priora
797 2439 859 2492 tua.

184 2515 263 2584 Nec,
288 2513 359 2588 quia
372 2517 490 2574 venturi
506 2515 628 2575 dederis
643 2516 713 2574 mibi
730 2516 818 2590 signa
835 2516 959 2592 doloris,

228 2598 311 2657 Haec
326 2599 449 2672 loquor,
473 2607 525 2660 aut
540 2601 619 2658 lama
635 2600 795 2659 sollicitata
809 2617 906 2660 nova:

186 2680 293 2740 Omnia
310 2683 366 2742 sed
381 2698 498 2743 vereor.
537 2683 609 2757 Quis
626 2684 706 2743 enim
723 2699 852 2743 securus
869 2683 1001 2742 emavitt

124 2775 172 2826 110
227 2765 312 2839 Cogit
329 2773 359 2825 et
372 2767 515 2828 absentes
531 2770 620 2843 plura
633 2767 739 2828 timere
754 2768 851 2827 locus.

183 2847 302 2908 Felices
319 2849 401 2922 illas,
426 2867 483 2910 sua
500 2869 576 2926 quas
593 2851 767 2926 praesentia
783 2865 879 2911 nosse

228 2931 358 2992 Crimina
372 2949 447 2992 vera
461 2933 555 3006 iubet,
580 2935 657 2994 falsa
671 2936 777 2994 timere
792 2939 883 2994 vetat.

184 3015 246 3074 Nos
262 3023 323 3075 tam
338 3032 418 3075 vana
434 3024 550 3091 movet,
574 3035 664 3093 quam
680 3019 761 3078 lacta
773 3019 882 3078 iniuria
895 3019 977 3092 101111,

226 3099 332 3161 1001101
345 3107 375 3159 01
391 3117 512 3162 morsus
529 3119 615 3162 error
629 3109 756 3176 uterque
772 3117 873 3176 pares.

120 3179 207 3243 1150
222 3183 334 3242 utinam
350 3184 472 3244 venias!
494 3193 545 3246 aut
561 3193 594 3246 ut
608 3193 758 3246 ventusve
775 3193 910 3260 paterve,

228 3265 386 3340 Causaque
405 3270 444 3328 sit
458 3276 539 3329 00110
554 3270 666 3330 lamina
681 3271 763 3330 nulla
779 3273 898 3326 morae!

185 3348 300 3420 Quodsi
317 3366 406 3423 quam
422 3353 536 3426 sciero,
557 3353 683 3426 moriar,
706 3349 901 3422 mihicrede,
921 3345 1067 3408 dolendo.

226 3431 405 3494 Iamdudum
421 3451 517 3509 pecca
525 3443 536 3510 ,’
555 3436 581 3496 si
596 3451 665 3495 mea
680 3436 740 3494 lata
753 3432 842 3508 petis.
975 3431 979 3439 '

186 3515 249 3575 Sed
265 3533 365 3592 neque
381 3518 540 3594 peccabis,
563 3519 735 3595 frustraque
750 3532 807 3592 ego
823 3524 938 3578 terreor
952 3516 1033 3576 istius
