2488 4006
164 285 208 362 78¹
551 290 799 352 HEROIDES.

225 499 237 510 .
293 447 422 522 Semper
434 443 556 506 iudiciis
574 459 649 504 ossa
666 443 802 504 verenda
816 442 904 516 meis,

188 542 237 596 105
249 532 368 606 Perque
382 530 472 591 trium
487 530 582 588 sortes
598 529 730 600 animas,
754 528 824 588 mea
838 525 978 596 numina,
1003 525 1140 597 fratrum,

293 615 349 688 Qui
364 615 444 674 bene
459 628 515 689 pro
533 611 713 688 patriacum
728 611 889 686 patriaque
905 610 1013 680 iacent,

160 764 161 768 ,
183 703 191 707 “
249 699 367 771 Perque
382 705 466 757 tuum
484 703 686 769 nostrumque
701 703 806 769 caput,
829 709 908 769 quae
923 693 1077 753 iunximus
1092 707 1169 764 una,

291 782 410 856 Perque
423 788 493 840 tuos
507 794 614 852 enses,
637 778 760 851 cognita
774 779 834 837 tela
849 778 936 847 meis,

249 865 337 924 Nulla
350 865 553 940 Mycenaeum
569 861 709 921 sociasse
725 861 836 921 cubilia
850 875 970 920 mecum

186 959 238 1011 llo
290 947 548 1007 Iuro-salientem
564 945 742 1004 deseruisse
757 945 846 1005 velis.

252 1031 284 1092 Si
297 1031 350 1090 tibi
367 1045 447 1089 nunc
462 1030 562 1106 dicam
580 1027 771 1101 tfortissime,
794 1037 827 1090 tu
843 1043 967 1104 quoque
982 1027 1049 1088 iura

292 1115 379 1173 Nulla
393 1114 446 1172 tihi
463 1113 530 1173 sine
548 1127 597 1172 me
613 1112 725 1186 gaudia
743 1113 843 1184 iecta’,
867 1127 973 1187 neges.

249 1197 291 1257 At
303 1198 400 1258 Danai
414 1213 552 1258 maerere
568 1201 683 1270 putent.
721 1195 786 1256 Tibi
799 1193 921 1270 'plectra
935 1200 1107 1268 moventur,

292 1283 334 1341 Te
349 1286 431 1342 tenet
448 1281 478 1339 in
496 1280 599 1356 tepido
617 1279 717 1341 mollis
732 1279 830 1338 amica
847 1279 926 1338 sinu.

187 1375 238 1427 115
249 1363 287 1424 Et
304 1365 466 1440 quisquam
483 1364 615 1438 quaerit,
640 1378 735 1438 quere
749 1378 888 1438 pugnare
901 1368 1051 1421 recuses?

292 1447 397 1524 Pugna
412 1454 512 1508 nocet.
535 1447 669 1506 citharae
684 1462 809 1520 noxque
822 1449 993 1520 Venusque
1009 1445 1127 1504 iuvant.

250 1533 355 1592 Tutius
373 1537 420 1592 est
435 1531 568 1590 iacuisse
581 1536 664 1602 toro,
687 1531 824 1591 tenuisse
839 1530 980 1605 puellam,

293 1615 461 1674 Threiciam
479 1614 580 1689 digitis
594 1613 787 1689 increpuisse
801 1615 908 1691 lyram,

252 1697 348 1771 Quam
363 1697 502 1758 manibus
521 1698 639 1771 clipeos
654 1705 684 1757 et
698 1704 807 1758 acutae
822 1695 960 1772 cuspidis
975 1695 1103 1770 hastam,

189 1793 239 1846 120
291 1781 329 1841 Et
342 1784 461 1856 galeam
476 1797 587 1858 pressa
602 1781 786 1841 sustinuisse
803 1795 901 1840 coma.

251 1863 314 1924 Sed
330 1866 382 1924 tibi
398 1881 454 1940 pro
470 1865 541 1926 tutis
557 1863 689 1938 insignia
703 1865 784 1924 lacta
797 1863 970 1939 placebant,

293 1946 443 2022 Partaque
457 1947 602 2008 bellando
617 1947 714 2022 gloria
729 1947 827 2008 dulcis
846 1954 920 2008 erat.
1042 1953 1046 1958 '

249 2033 299 2092 An
314 2038 442 2107 tontum,
466 2031 538 2092 dum
551 2047 600 2092 me
615 2045 758 2106 caperes,
783 2031 846 2090 iera
863 2031 944 2099 belle
958 2028 1126 2105 probabas,

294 2115 430 2190 Cumque
444 2130 514 2175 mea
527 2113 626 2188 patria
641 2117 708 2175 laus
722 2122 774 2174 tuo
787 2115 868 2173 victe
886 2114 985 2173 iacet?

191 2208 239 2262 125
248 2199 284 2260 Di
299 2199 422 2259 melius!
445 2199 627 2272 validoque,
650 2213 774 2273 precor,
798 2197 915 2257 vibrata
931 2197 1046 2257 lacerto

291 2284 439 2342 Transeat
452 2282 636 2342 Hectoreum
650 2281 749 2342 Polias
764 2281 854 2342 hasta
868 2281 962 2340 latus!

249 2364 356 2426 Mittite
372 2383 436 2438 me,
456 2364 563 2425 Danai.
587 2365 743 2426 dominum
757 2365 857 2440 legata
871 2363 997 2438 rogabo,

290 2448 446 2525 Multoque
459 2448 611 2508 mandatis
626 2450 734 2512 oscula
748 2448 841 2508 mixto
856 2450 961 2507 ieram.

249 2531 321 2592 Plus
338 2547 396 2606 ego
412 2547 504 2608 quam
517 2530 669 2605 Phoenix,
691 2533 762 2608 plus
778 2537 869 2608 quam
884 2531 1035 2592 facundus
1049 2531 1171 2605 Ulixes,

185 2623 237 2678 130
289 2615 361 2676 Plus
378 2631 436 2691 ego
454 2631 545 2691 quarn
561 2615 689 2676 Teucri..
708 2611 857 2678 creditet..
881 2615 974 2675 irater
986 2631 1087 2690 agam.

247 2698 304 2758 Est
317 2699 445 2774 aliquid,
470 2698 581 2760 collum
597 2698 695 2760 solitis
708 2697 846 2774 tetigisse
860 2699 991 2769 lacertis,

290 2781 527 2858 Praesentisque
542 2783 650 2843 oculos
668 2783 867 2844 admonuisse
880 2783 992 2843 sinum.
1039 2772 1073 2864 'f
1094 2845 1114 2866 μ
1130 2793 1133 2799 “
1147 2816 1194 2825 -

249 2865 299 2926 Sis
313 2867 385 2927 licet
399 2866 536 2939 immitis,
559 2867 727 2943 matrisque
740 2867 874 2927 ferocior
886 2867 988 2940 undis,
1033 2867 1035 2872 '
1056 2871 1078 2940 ’,ζ
1109 2884 1113 2897 ·

289 2949 330 3010 Ut
342 2956 477 3024 taceam,
497 2949 630 3010 lacrimis
646 2951 854 3012 comminuere
868 2950 956 3010 meis.
1000 2975 1006 2986 ·
1056 2971 1073 2984 ··

183 3039 234 3094 135
244 3031 331 3092 Nunc
348 3049 503 3108 quoque...
525 3033 570 3092 sic
585 3049 693 3096 omnes
707 3035 816 3098 Peleus
831 3043 923 3108 pater.
934 3034 1058 3108 impleat
1076 3032 1192 3104 atinoS,

293 3116 344 3176 Sic
360 3124 409 3176 eet
423 3117 569 3191 auspiciis
585 3116 722 3196 Pyrrhus
738 3120 778 3179 ad
792 3133 877 3178 arme
896 3117 1003 3179 tuist...

247 3199 382 3275 Respice
400 3201 560 3261 sollicitam
576 3201 733 3278 Briseide,
756 3201 842 3261 sortis
860 3201 988 3276 Achille,
1083 3195 1110 3234 ‘¹‘

289 3284 352 3345 Nec
365 3284 510 3344 miseram
526 3287 607 3345 lenta
622 3286 810 3346 ferreus‘ure
825 3300 921 3344 mora
1060 3287 1071 3306 '

247 3367 324 3440 Aut,
346 3369 373 3428 sl
387 3383 499 3429 versus
516 3381 603 3428 amor
616 3376 685 3429 tuus
701 3376 750 3430 est
764 3367 913 3429 in'taedia
925 3368 1050 3440 nostrl,
1069 3439 1074 3448 ⁸
1116 3399 1123 3408 ·

185 3456 237 3512 llo
291 3451 387 3524 Quom
403 3452 514 3512 sinete
532 3450 619 3525 cogis
633 3452 754 3527 vivere,
776 3467 854 3526 coge
869 3452 956 3511 mori.
1073 3447 1077 3459 '

249 3533 351 3608 thue
365 3535 463 3609 lucis,
480 3547 591 3610 coges:
606 3535 682 3596 abiit·
697 3551 875 3612 corpusque
895 3535 1057 3610 colorque=
