2498 4008
460 263 525 338 ili,
548 261 588 326 57
602 261 725 326 -132
1048 264 1109 328 211

130 424 163 478 95
174 415 211 475 111
224 420 324 474 lamen
339 415 401 474 ulla
414 415 480 473 viro
497 414 605 475 mulier
620 419 695 475 ‘non
712 415 848 489 expedil'
864 415 980 489 inquil?

215 499 307 572 Quid,
329 497 387 556 nisi
404 513 628 572 (1111111111,
652 499 701 558 dic
716 498 803 573 mihi,
825 499 930 573 perdis
946 509 1076 575 aquarn?

171 582 234 641 Nec
250 597 309 640 vos
324 582 477 656 prostituit
490 597 559 640 meu
572 597 644 640 vox.
669 583 725 642 sed
740 597 820 640 varra
834 583 939 642 timere

215 665 333 724 Damna
347 670 438 724 vetat.
470 665 596 725 Damnis
610 681 736 727 munera
750 671 855 724 vestra
870 675 982 726 carent.
1077 697 1080 702 ·

174 747 238 808 Scd
254 763 303 806 me
321 746 495 809 flaminibus
511 749 591 807 venii
606 750 732 808 maioris
747 748 866 820 iturum,
968 741 971 747 ’

109 843 161 894 100
213 832 297 900 Duru,
307 833 413 891 sumus
428 830 459 890 in
475 838 581 905 portu,
603 831 753 906 provehat
767 847 841 891 aura
856 833 944 891 levis.

174 913 284 975 Ordior
298 931 316 974 a
331 917 423 974 cultu.
447 915 534 974 cultis
550 915 629 984 bene
643 916 734 975 Liber
748 914 786 974 ab
802 916 872 974 uvis

215 998 370 1069 provenit,
394 1003 424 1058 el
439 1000 518 1059 culto
534 1003 594 1056 slat
607 1013 698 1072 seges
714 1001 774 1058 alla
790 1000 867 1058 solo.
908 1049 909 1053 ,

171 1082 282 1140 Forma
296 1081 346 1139 dei
361 1097 480 1140 munus.
502 1083 600 1140 forma
616 1090 709 1154 quola
724 1097 864 1154 quaeque
880 1082 1036 1156 superbire

213 1164 287 1222 Pars
302 1171 437 1222 voslrurn
451 1165 501 1222 tali
519 1179 643 1222 munere
658 1179 768 1238 magna
783 1171 875 1222 carel.

111 1257 159 1309 105
173 1247 251 1306 Cura
267 1245 350 1304 dabit
365 1245 483 1306 faciem.
507 1246 602 1304 iacies
617 1248 753 1305 neclecta
771 1245 889 1320 peribit,

213 1329 328 1390 idaliae
342 1330 448 1388 similis
464 1328 503 1388 sit
516 1330 586 1388 licat
600 1329 652 1388 iila
666 1328 752 1388 deuo.

174 1413 310 1487 Corpora
324 1414 351 1472 si
367 1420 486 1473 veteres
501 1428 562 1472 non
577 1411 622 1472 sic
638 1413 760 1472 coluere
774 1414 904 1486 puellae,

213 1497 275 1555 Nec
292 1503 411 1556 veteres
428 1498 526 1556 collos
542 1497 587 1555 sic
601 1495 736 1556 habuere
750 1497 844 1555 viros.

172 1579 205 1638 Si
220 1580 274 1638 luil
288 1579 503 1638 Andromache
516 1581 635 1638 tunicas
650 1579 756 1639 induta
769 1581 915 1652 valenles,

108 1672 159 1724 110
212 1663 289 1734 Quid
304 1663 433 1720 mirum?
454 1661 521 1720 duri
536 1662 636 1720 militis
652 1679 732 1722 uxor
747 1670 820 1723 erat.

173 1745 296 1805 Scilicet
309 1743 397 1804 Aiaci
412 1744 546 1804 coniunx
565 1753 672 1804 ornata
685 1747 817 1817 venires,

215 1830 268 1889 Cui
283 1833 424 1902 legunren
441 1836 558 1903 sepiem
572 1835 658 1902 terga
672 1828 758 1888 luere
772 1829 886 1888 boum?

174 1911 356 1986 Simplicitas
371 1913 457 1971 rudis
473 1919 542 1971 aule
557 1912 619 1972 suit.
643 1927 724 1971 nunc
738 1925 830 1970 aurea
844 1911 942 1970 Romo
957 1919 1012 1982 esi,

214 1997 252 2056 Et
269 1995 372 2055 domiti
386 2011 513 2070 magnas
528 1996 668 2070 possidet
684 1995 768 2056 orbis
787 2009 874 2068 opes.

108 2090 159 2143 115
169 2079 286 2154 Aspice
301 2095 379 2154 quae
394 2093 474 2154 uuae
490 2087 560 2138 sual
575 2079 736 2154 Capitolia,
758 2091 899 2152 quaeque
914 2079 1046 2136 luerunt:

214 2163 346 2222 Alterius
362 2161 447 2222 dices
459 2163 514 2242 ⁵illa
527 2163 626 2222 fuisso
637 2163 731 2222 Iovis.
823 2157 825 2161 ’

172 2246 261 2307 curia
278 2247 406 2305 concilio
422 2261 501 2305 nunc
517 2253 564 2306 est
578 2247 757 2320 dignissima
771 2253 869 2305 lanlo=

212 2331 258 2390 De
273 2329 383 2403 stipala
397 2331 481 2390 Talio
497 2345 591 2404 regna
604 2337 726 2390 lenonie
741 2330 805 2389 luil.
916 2355 922 2368 ·

172 2413 256 2487 puae
272 2429 353 2472 nuno
368 2413 425 2473 sub
439 2412 564 2474 Phoebo
581 2413 773 2489 ducibusque
786 2412 900 2473 Palatia
914 2411 1036 2486 fulgent,

106 2504 158 2558 120
212 2496 289 2570 Quid
307 2497 366 2556 nisi
382 2497 512 2556 araturis
526 2513 642 2572 pascua
657 2497 759 2558 bubus
776 2503 882 2557 oranti

170 2579 275 2639 Prisca
291 2580 393 2640 iuvent
407 2581 494 2640 alios.
517 2596 575 2656 ego
591 2597 640 2640 me
656 2595 735 2641 nunc
751 2577 885 2655 denique
899 2585 1001 2640 nalum

215 2661 363 2724 Gratulor.
384 2663 462 2724 haec
476 2671 559 2726 aelus
574 2665 710 2724 moribus
726 2671 797 2738 apio
812 2663 899 2722 meis.

171 2747 237 2807 Nou
254 2747 324 2820 quia
338 2763 418 2808 nunc
433 2755 531 2808 terrae
547 2748 850 2810 lentum-subducitur
865 2761 978 2816 aurum,

212 2831 368 2904 Lectaque
382 2831 504 2891 diverso
520 2831 619 2892 littora
634 2830 753 2892 concha
767 2830 863 2890 verul:

107 2913 229 2974 1111111
246 2914 318 2988 quia
332 2915 515 2974 decrescunt
529 2915 645 2976 effosso
662 2907 812 2975 marmore
826 2909 954 2985 montes,

212 2997 275 3055 Nec
291 2998 363 3070 quia
378 3001 537 3058 caeruleae
550 3000 631 3060 mole
644 3001 785 3073 sugantur
802 3011 915 3072 aquae:

172 3079 232 3139 Sed
250 3079 320 3154 quia
335 3083 434 3142 cultus
449 3083 551 3154 adest,
572 3099 629 3144 nec
643 3077 773 3142 nostros?
781 3081 893 3141 mansii
907 3079 936 3138 in
951 3092 1048 3136 annos

212 3163 391 3236 1111111111,
415 3166 525 3240 priscis
541 3167 591 3226 illa
607 3175 766 3241 superstas
783 3167 860 3226 avis.

170 3248 237 3305 Vos
252 3261 379 3322 quoquc
392 3263 453 3308 non
469 3250 548 3308 caris
567 3265 655 3309 aures
671 3258 795 3309 onerate
809 3247 929 3322 lapillis,

105 3336 158 3392 130
213 3329 294 3402 Quos
310 3331 383 3404 legit
396 3333 426 3390 in
442 3333 530 3392 viridi
546 3333 672 3394 decolor
687 3333 780 3391 ludus
795 3349 884 3404 aqua,

169 3412 233 3472 Nec
247 3414 367 3488 prodite
381 3431 492 3490 graves
507 3417 607 3476 insule
624 3416 762 3476 vestibus
780 3429 864 3473 auro.

211 3494 270 3554 Per
286 3513 365 3572 quas
377 3513 436 3560 uos
451 3499 568 3574 potius,
592 3513 686 3574 saepo
701 3499 827 3572 fugatis,
851 3512 940 3614 opesi

885 3587 919 3640 14
