2488 4006
314 278 364 336 111.
387 277 574 356 anissis
597 279 638 341 aa
654 279 774 341 -roa
1018 277 1059 340 rr

163 430 201 491 Et
216 429 337 489 videam
353 445 475 504 puppes
492 428 538 491 ire
552 431 657 492 relicta
673 439 751 493 tuas.

123 513 156 573 Si
169 513 222 574 tibi
236 513 296 572 iam
310 513 491 590 reditusque
506 514 629 591 placent
643 516 794 591 patriique
807 521 945 590 penates,

164 598 231 656 Non
246 611 306 672 ego
324 612 393 656 sum
410 598 503 658 classi
518 599 639 658 sarcina
653 616 765 674 magna
778 604 858 658 tuac.
1013 672 1016 677 .

122 681 277 741 Victorem
295 681 417 755 captiva
434 697 561 756 sequar,
585 699 647 744 non
665 691 759 757 nupta
774 681 930 741 maritum:

78 769 114 826 70
167 763 222 823 Est
236 764 325 838 mihi,
351 781 431 838 quae
446 767 533 825 lanas
549 768 677 841 molliat,
701 773 774 842 apta
790 781 909 826 manus.

122 848 205 908 Inter
217 847 414 908 Achaeiadas
433 850 524 924 longe
540 850 744 924 pulcherrima
759 855 871 910 matres

165 932 199 989 ln
214 930 365 991 thalamos
381 932 515 992 coniunx
531 933 585 992 ibit
600 941 710 1008 eatque
725 940 805 1007 tuos,
853 985 860 1000 .

121 1014 221 1088 Digna
235 1031 329 1075 nurus
349 1031 474 1089 socero,
496 1017 579 1076 lovis
592 1017 794 1091 Aeginaeque
809 1023 931 1091 nepote,

166 1098 281 1171 Cuique
298 1113 394 1159 senex
408 1098 525 1158 Nereus
539 1115 691 1172 prosocer
705 1115 777 1159 esse
794 1100 876 1161 velit.

78 1187 113 1242 75
124 1181 188 1241 Nos
202 1181 333 1240 humiles
349 1181 542 1256 famulaeque
556 1192 627 1241 tuae
644 1183 714 1241 data
731 1198 830 1255 pensa
845 1182 1010 1257 trahemus

162 1264 200 1323 Et
217 1264 352 1324 minuent
366 1265 475 1340 plenas
494 1264 624 1325 stamina
638 1273 744 1326 nostra
759 1265 856 1324 colos.

120 1347 261 1425 Exagitet
275 1364 314 1406 ne
329 1364 378 1408 me
392 1355 508 1408 tantum
521 1357 587 1422 tua,
611 1349 777 1424 deprecor,
797 1363 887 1423 uxor,

165 1432 249 1505 Quae
263 1431 336 1490 mihi
351 1432 466 1492 nescio·
477 1450 539 1508 quo
555 1449 616 1493 non
632 1434 687 1494 erit
701 1448 801 1508 aequa
815 1430 919 1505 modo,

82 1516 85 1522 '
120 1515 206 1574 Neve
221 1531 307 1575 meos
323 1531 428 1576 coram
443 1518 542 1576 scindi
558 1517 675 1592 patiare
693 1517 830 1590 capillos,

78 1606 114 1659 80
165 1598 203 1656 Ει
216 1599 323 1658 leviter
338 1600 424 1658 dicas
445 1600 535 1658 ‘haec
551 1617 676 1676 quoque
692 1608 798 1660 nostra
811 1600 889 1660 luit'

122 1684 181 1741 Vel
194 1681 311 1756 patiare
328 1681 415 1757 licet,
436 1682 510 1742 dum
527 1700 566 1742 ne
585 1691 761 1757 contempta
773 1684 945 1759 relinquar:

163 1765 220 1824 Hic
237 1764 310 1823 mihi
323 1780 382 1824 vac
396 1765 528 1826 miserae
543 1767 677 1826 concutit
693 1781 768 1826 ossa
781 1775 891 1828 metus.

124 1847 201 1921 Quid
215 1855 316 1908 tamen
332 1855 503 1924 expectas?
524 1850 756 1924 Agamemnona
770 1849 907 1924 paenitet
921 1849 994 1920 irae,

164 1932 202 1991 Et
214 1933 294 1993 iacet
308 1939 379 1993 ante
394 1939 464 1994 tuos
480 1933 609 1992 Graecia
623 1941 739 1994 maesta
752 1932 862 2007 pedes.

80 2023 115 2076 85
127 2015 224 2076 Vince
237 2016 355 2076 animos
372 2017 510 2091 iramque
527 2023 625 2088 tuam,
649 2016 700 2091 qui
718 2024 819 2076 cetera
834 2015 943 2076 vincis.
968 2083 974 2090 ,

166 2099 243 2172 Quid
258 2101 372 2160 lacerat
385 2100 509 2160 Danaas
527 2099 656 2175 impiger
669 2100 783 2160 Hector
796 2106 894 2175 opes?

121 2183 218 2242 Arma
230 2198 323 2261 cape,
345 2183 499 2256 Aeacide,
521 2184 578 2243 sed
595 2199 644 2242 me
661 2190 761 2242 tamen
775 2189 845 2242 ante
859 2188 993 2257 recepta,

163 2265 202 2325 Et
215 2281 320 2340 preme
333 2266 471 2327 turbatos
486 2267 583 2327 Marte
598 2265 721 2326 lavante
735 2267 829 2329 viros.

121 2347 250 2424 Propter
266 2365 315 2409 me
329 2357 412 2412 mota
427 2357 489 2423 est,
510 2357 638 2425 propter
654 2365 704 2410 me
722 2349 842 2410 desinat
857 2349 917 2409 ira:

79 2439 115 2493 90
169 2431 296 2508 Simque
313 2448 370 2508 ego
389 2433 526 2494 tristitiae
542 2450 639 2494 causa
651 2434 826 2507 modusque
841 2439 923 2494 tuae.

121 2516 186 2575 Nec
200 2514 254 2575 tibi
269 2523 358 2592 turpe
377 2526 449 2592 puta
464 2517 608 2592 precibus
624 2516 825 2579 succumbere
840 2516 964 2576 nostris.

165 2598 312 2673 Coniugis
330 2599 464 2662 Oenides
478 2617 589 2669 versus
604 2601 635 2660 in
650 2617 735 2660 arma
749 2615 841 2675 prece
857 2606 914 2660 est.

121 2682 184 2742 Res
200 2683 305 2743 audita
318 2683 405 2758 mihi,
427 2691 500 2744 nota
511 2691 560 2747 est
573 2685 637 2745 tibi.
658 2684 801 2743 iratribus
816 2681 891 2742 orba

164 2765 298 2826 Devovit
311 2768 373 2828 nati
387 2784 536 2843 spemque
553 2773 707 2844 caputque
720 2782 846 2842 parens.

78 2855 113 2910 95
124 2847 244 2912 Bellum
260 2857 333 2910 erat.
356 2851 407 2912 ille
423 2851 510 2912 ferox
528 2852 638 2930 positis
654 2850 787 2912 secessit
801 2848 839 2910 ab
855 2848 957 2924 armis,

164 2933 201 2992 Et
215 2935 332 3009 patriae
347 2935 447 3010 rigida
461 2943 563 2997 mente
579 2935 702 3010 negavit
720 2949 821 3010 opem.

123 3015 198 3078 Sola
211 3019 310 3080 virum
324 3018 461 3080 coniunx
476 3018 570 3080 flexit.
603 3020 734 3080 Felicior
750 3019 817 3078 illa!

165 3102 206 3160 At
219 3117 288 3162 mea
300 3119 358 3177 pro
377 3104 459 3162 nullo
474 3104 614 3177 pondere
626 3103 721 3162 verba
736 3101 859 3164 cadunt.

121 3184 185 3244 Nec
201 3191 301 3246 amen
316 3187 469 3262 indignor.
490 3203 548 3247 nec
562 3203 611 3248 me
625 3203 682 3262 pro
697 3187 829 3262 coniuge
843 3184 929 3260 gessi

57 3278 110 3330 luc
163 3267 295 3345 Saepius
310 3271 340 3329 in
357 3270 472 3331 domini
489 3287 580 3332 serva
594 3277 706 3332 vocata
719 3279 828 3334 torum.

119 3351 172 3414 Me
188 3355 354 3429 quaedam,
375 3356 513 3429 memini,
534 3354 690 3416 dominam
706 3353 829 3428 captiva
842 3354 993 3422 vocabatt

165 3437 323 3500 ‘Servilio’
340 3439 404 3500 dixi
419 3439 563 3500 ‘nominis
580 3437 669 3504 addis
685 3441 785 3499 onus!
1016 3497 1020 3504 ,

119 3520 178 3581 Per
192 3526 295 3584 lumen
311 3525 384 3585 osse
397 3523 455 3584 viri
471 3522 570 3584 subito
586 3523 666 3584 male
682 3527 761 3582 tecta
777 3520 952 3597 sepulchro,
