2488 4006
143 231 205 322 roo
284 244 287 254 ’
527 249 774 310 cinnomus.
840 307 843 312 .

185 419 219 473 so
230 409 292 470 Nec
307 404 462 482 quondam
475 403 602 480 placuit,
626 417 682 462 nec
697 417 777 462 nune
795 400 964 477 placuisset
977 397 1102 475 A'chilli,

268 490 410 550 Abducta
425 488 551 548 viduum
565 484 695 560 coniuge
710 483 785 544 flere
799 485 908 544 virum.

228 577 311 650 Quae
326 588 394 633 mea
409 571 551 631 caelestis
566 569 675 629 iniuria
690 569 761 628 lecit
774 567 918 642 iniquosr

271 657 399 733 Quodve
414 655 486 714 milri
500 655 632 714 miserae
647 652 734 712 sidus
749 651 863 712 obessa
879 659 1010 726 querare

227 742 325 802 Parva
338 755 406 800 mea
421 739 487 799 sine
501 745 597 798 matre
612 736 664 796 lui.
687 742 774 811 pater
787 736 1019 802 armalercbat=

116 827 125 846 ‘
185 837 221 890 90
272 826 309 885 Et
323 826 384 885 duo
402 839 471 883 cum
486 822 603 893 vivant,
628 818 703 878 orba
718 819 840 879 duobus
857 835 949 880 eram.

227 911 293 971 Non
307 909 361 969 tibi
374 905 537 968 blanditias
554 905 674 980 primis,
695 919 764 963 mea
778 909 888 976 mater,
910 904 940 962 in
958 904 1045 963 annis

268 994 388 1053 Incerto
403 990 500 1050 dictas
516 988 687 1073 oreupuella
700 988 768 1047 tuli=
829 1022 831 1028 ,

225 1079 292 1138 Non
309 1091 366 1150 ego
383 1073 503 1148 captavi
518 1071 662 1132 brevibus
676 1078 729 1131 tua
743 1071 823 1131 colla
837 1071 967 1144 lacertis,

268 1161 331 1220 Nec
345 1159 461 1233 gremio
479 1157 547 1216 sedi
564 1156 685 1215 sarcina
701 1161 870 1229 gratarum

185 1255 220 1310 aa
230 1245 296 1307 Non
311 1244 411 1304 cultus
426 1241 480 1301 tibi
496 1256 569 1300 cura
583 1239 652 1299 mei.
674 1254 731 1298 nec
746 1245 837 1313 pacta
852 1239 959 1298 marito

269 1327 384 1388 Intravi
399 1325 548 1386 metamus
563 1331 659 1384 matre
674 1330 800 1399 parante
815 1335 924 1382 novos.

230 1411 327 1472 Obvia
341 1410 515 1486 prodieram
529 1408 636 1468 reduci
650 1407 703 1466 tibi
710 1450 741 1480 ,..
757 1422 830 1466 vera
844 1405 993 1466 fatebor...

269 1496 332 1555 ltlec
346 1494 441 1554 iacies
457 1491 546 1552 nobis
561 1498 633 1552 nota
648 1491 782 1566 parentis
801 1499 875 1552 erat.

226 1580 269 1639 Te
282 1587 383 1638 tamen
394 1593 466 1636 esse
477 1576 638 1648 Helenam,
655 1575 739 1648 quod
750 1590 819 1635 eras
832 1575 1050 1650 pulcherrima,
1066 1573 1165 1634 sensi.

158 1675 215 1728 100
266 1663 338 1738 lpse
352 1659 547 1736 requirebas,
571 1674 650 1734 quac
664 1665 717 1718 tua
732 1665 802 1718 nata
818 1661 906 1719 soret.

226 1747 301 1808 Pars
315 1746 391 1806 haec
406 1761 467 1804 una
480 1743 567 1816 milri,
587 1743 720 1802 coniunx
734 1743 813 1802 bene
828 1744 922 1803 cessit
937 1741 1076 1804 Orestes:

268 1831 299 1890 Is
316 1843 453 1904 quoque,
477 1828 507 1887 ni
522 1843 578 1902 pro
594 1842 629 1886 se
644 1833 774 1901 pugnet,
797 1827 958 1901 ademptus
973 1827 1038 1886 erit.

226 1913 363 1993 Pyrrhus
377 1912 469 1972 habet
483 1917 603 1985 captam
619 1911 732 1970 reduce
748 1917 777 1970 et
791 1911 908 1971 victore
924 1917 1059 1986 parente.

244 2069 247 2074 Ι
269 1998 335 2056 Hoc
349 2012 460 2057 munus
475 1995 564 2055 nobis
581 1995 680 2054 diruta
696 1994 785 2053 Troia
799 1995 875 2054 tulit.

164 2094 214 2146 105
227 2081 299 2143 Cum
314 2089 414 2142 tamen
430 2080 509 2140 altus
525 2080 611 2154 equis
624 2077 709 2137 Titan
725 2078 916 2140 radiantibus
932 2079 1032 2148 instat,

268 2166 411 2225 Periruor
425 2163 528 2223 infelix
544 2162 686 2222 liberiore
700 2163 790 2222 malo.

226 2251 294 2311 Nox
307 2249 359 2307 ubi
375 2263 423 2306 me
436 2247 576 2306 thalamis
591 2247 755 2306 ululantem
769 2253 799 2306 et
814 2245 924 2305 acerba
939 2249 1112 2318 gementem

269 2330 424 2403 Condidit,
445 2331 476 2389 in
490 2337 608 2390 maesto
624 2331 837 2405 procubuique
848 2335 925 2400 toro,

225 2417 284 2479 Pr0
299 2431 407 2476 somno
423 2414 555 2498 lacrimis
571 2415 652 2474 oculi
667 2416 831 2488 iunguntur
846 2412 970 2484 obortis,

163 2511 215 2564 lto
267 2499 396 2574 Quaque
410 2498 479 2558 licet
493 2497 575 2572 logio
585 2497 673 2557 'sicut
684 2499 722 2557 ab
737 2497 826 2556 hoste
840 2495 917 2555 viro.

228 2584 329 2659 Saepe
343 2583 430 2642 malis
446 2590 564 2657 stupco.
586 2597 750 2654 rerumque
765 2580 858 2640 oblita
872 2580 993 2653 locique

268 2669 377 2743 lgna'ra
392 2667 475 2741 tetigi
491 2665 599 2741 Scyria
613 2665 749 2724 membra
763 2681 869 2724 manu:

224 2753 326 2827 thue
340 2751 427 2811 naias
442 2750 540 2821 sensi,
565 2749 643 2807 male
661 2763 792 2822 corpora
807 2754 888 2808 tacta
900 2746 1040 2820 relinquo

267 2834 304 2894 Et
317 2834 390 2894 mihi
406 2835 537 2909 pollutas
553 2833 663 2892 credor
677 2832 790 2891 habere
804 2846 923 2891 manus.

163 2929 212 2982 115
225 2915 326 2993 Saepe
339 2917 531 2993 Neoptolemi
545 2933 601 2990 pro
617 2916 739 2975 nomine
754 2931 865 2976 noman
882 2912 998 2974 Orestis

266 3001 345 3062 Exit.
369 3009 400 3060 et
413 3017 546 3061 errorem
561 3000 649 3060 vocis
664 3007 697 3059 ut
712 3015 800 3060 omen
817 3014 896 3059 arno.

225 3084 282 3145 Per
296 3101 393 3159 genus
410 3085 514 3144 infelix
528 3085 594 3143 iuro
610 3083 794 3158 generisque
808 3089 974 3159 parentem,

268 3167 324 3242 Qui
340 3169 431 3240 treta,
453 3168 505 3242 qui
519 3174 616 3226 terras
632 3174 663 3226 et
678 3183 734 3226 sua
747 3183 843 3243 regna
858 3166 967 3242 quatit:

223 3252 280 3312 Per
294 3252 389 3326 patris
404 3267 479 3312 ossa
492 3251 550 3323 tui,
574 3252 672 3326 patrui
687 3251 774 3325 mihi,
798 3267 877 3327 quae
891 3251 945 3309 tibi
960 3246 1081 3318 debent,

161 3347 213 3398 120
265 3336 353 3410 Quod
368 3337 413 3395 sic
428 3335 484 3396 sub
499 3335 613 3395 tumulo
628 3335 745 3394 fortiter
757 3337 821 3396 ulta
834 3336 948 3395 iacent:

225 3420 287 3479 Aut
301 3434 358 3492 ego
375 3419 576 3493 praemoriar,
599 3419 759 3491 primoque
774 3419 955 3492 exstinguar
968 3416 1000 3474 in
1015 3429 1106 3483 aevo,

268 3503 330 3561 Aut
345 3517 402 3577 ego
416 3502 592 3562 Tantalidae
605 3501 737 3562 Tantalis
754 3517 831 3562 uxor
845 3518 909 3562 ero.

554 3629 715 3638 ----...,
725 3633 728 3636 .
