2498 4008
507 226 689 320 1‚'1-oa.

172 402 245 461 Este
260 402 381 477 procul,
401 400 493 459 vittae
509 406 630 473 tenueS,
652 397 771 472 insigne
786 397 923 473 pudoris

140 553 141 556 Ἴ
216 483 453 559 Quaequetegis
468 482 586 544 medios
601 483 703 542 instita
718 483 810 557 longa
823 483 930 557 pedes.

173 567 236 626 Nos
252 583 397 627 venerem
407 573 503 626 tutam
518 581 729 640 concessaque
743 567 823 624 iurta
837 582 991 641 canemuS,

215 651 311 724 Inque
325 666 393 709 meo
408 649 523 722 nullum
538 649 670 710 carmine
685 649 798 708 crimen
808 650 883 723 erit:

130 739 164 794 35
174 732 327 810 Principio
343 733 426 808 quod
441 748 542 792 amare
556 734 649 805 velis,
667 733 801 806 reperire
815 731 931 805 labora,

217 817 271 890 Qui
286 833 367 877 nova
381 831 461 877 nunc
477 818 606 890 primum
620 814 706 874 miles
725 816 755 875 in
768 831 856 874 arma·
866 817 961 874 venis.

172 898 333 962 Proximus
348 900 419 960 huie
433 897 520 958 labor
536 906 583 957 est
597 898 738 972 placitam
754 913 882 958 exorare
897 899 1044 978 puellam:

216 983 348 1055 Tertius,
371 992 404 1043 ut
418 983 510 1055 longo
525 988 662 1055 tempore
678 981 767 1042 duret
781 996 875 1047 amor.
896 1023 905 1036 ,

173 1063 229 1122 Hic
244 1067 363 1138 modus.
387 1065 463 1124 haee
478 1071 582 1124 nostro
598 1063 766 1141 signabitur
782 1080 854 1139 area
867 1080 969 1124 curma

130 1153 165 1206 40
217 1146 300 1205 Haec
315 1147 371 1206 erit
385 1147 521 1205 admissa
534 1153 615 1205 meta
630 1146 795 1220 premenda
809 1154 886 1205 rota.

173 1230 251 1288 Dum
266 1229 349 1300 lieet,
372 1237 402 1288 et
415 1229 489 1287 loris
506 1229 621 1302 passim
636 1235 724 1302 potes
739 1228 783 1286 ire
797 1228 915 1301 solutis,

217 1311 302 1385 Elige
317 1312 364 1372 eui
380 1312 465 1370 dicas
482 1315 526 1371 ‘tu
541 1309 614 1368 mihi
629 1311 695 1370 sola
711 1311 839 1384 places?

173 1395 256 1453 Haec
272 1395 325 1454 tibi
339 1410 400 1454 non
415 1401 521 1454 tenues
536 1395 638 1453 veniet
652 1394 779 1467 delapsa
793 1409 849 1468 per
863 1408 963 1452 auras.

216 1477 396 1549 Quaerenda
412 1485 459 1538 est
475 1478 570 1536 oculis
587 1483 658 1552 apta
673 1477 775 1551 puella
789 1477 859 1536 tuis.
980 1542 982 1546 ,

131 1567 163 1618 45
177 1559 240 1619 Scit
254 1559 332 1621 bene
347 1569 488 1632 venator,
511 1561 610 1635 cervis
624 1559 676 1619 ubi
690 1560 766 1619 retia
782 1561 893 1632 tendat,

216 1642 278 1701 Scit
293 1643 385 1713 bene,
409 1659 469 1716 qua
485 1643 627 1702 trendens
644 1644 722 1702 valle
737 1651 870 1703 moretur
885 1659 973 1716 aper:

172 1725 353 1799 Aucupibus
371 1726 434 1786 noti
449 1725 583 1784 frutices.
607 1726 659 1799 qui
675 1726 803 1785 sustinet
817 1727 937 1798 hamoS,

214 1807 319 1880 Novit,
342 1823 422 1884 quae
436 1809 528 1866 multo
544 1808 787 1880 pisce-natentur
805 1825 912 1883 aquae.

172 1890 216 1950 Tu
233 1907 371 1966 quoque,
393 1891 546 1950 materiam
563 1893 654 1964 longo
670 1891 722 1963 qui
738 1892 859 1963 quaeris
875 1892 980 1964 amori,

66 2017 70 2024 .
130 1982 165 2032 5ο
217 1974 298 2033 Ante
314 1975 456 2047 frequens
473 1990 534 2047 quo
549 1975 588 2032 sit
603 1973 688 2032 disce
703 1974 805 2054 puella
820 1973 900 2032 loco.

132 2113 139 2120 „
172 2057 238 2116 Non
255 2072 312 2130 ogo
330 2064 523 2132 quaerentem
537 2063 628 2116 vento
647 2056 720 2115 dare
734 2057 804 2116 vela
818 2056 939 2128 iubebo

214 2139 276 2198 Neo
292 2140 359 2212 tibi,
381 2149 413 2200 ut
427 2140 579 2213 invenias,
601 2141 691 2213 longa
705 2141 831 2198 terenda
845 2139 896 2198 via
909 2146 965 2199 est.

172 2223 390 2282 Andromedan
408 2222 538 2283 Perseus
553 2223 646 2297 nigris
663 2223 789 2297 portarit
807 2221 953 2294 aetneis,

215 2306 373 2380 Raptaque
391 2305 429 2377 sit
442 2305 575 2382 Phrygio
592 2305 681 2364 Graia
697 2306 796 2378 puelle
811 2305 887 2363 viro.

129 2395 163 2448 55
175 2388 230 2448 Tot
245 2389 296 2448 tibi
312 2397 434 2464 tamque
449 2389 531 2448 dabit
545 2390 717 2448 formonsos
732 2390 830 2448 Roma
844 2388 973 2462 puellas,

215 2471 310 2531 ‘Haec
324 2471 426 2532 habet'
443 2479 476 2532 ut
491 2472 577 2532 dieas
594 2471 754 2547 ‘quiequid
768 2473 798 2530 in
814 2471 888 2530 orbe
902 2471 978 2530 iuit’

174 2555 309 2627 Gargara
323 2562 397 2628 quot
414 2562 563 2630 segetes‚-
573 2562 647 2630 quot
660 2555 752 2615 habet
764 2553 941 2629 Methymna
955 2570 1103 2629 racemos,

213 2633 359 2711 Aequore
375 2646 449 2712 quot
463 2639 582 2714 pisces,
604 2639 713 2698 ironde
727 2645 869 2711 teguntur
883 2653 967 2708 aves,

173 2719 251 2791 Quot
266 2722 383 2781 caelum
398 2722 516 2795 stellas,
539 2729 584 2782 tot
597 2721 689 2782 habet
702 2727 754 2782 tua
768 2721 866 2782 Roma
881 2721 1014 2794 puellas:

130 2810 164 2862 60
216 2803 312 2862 Mater
327 2812 357 2864 et
369 2805 494 2864 Aeneae
509 2811 629 2865 constat
643 2805 674 2863 in
690 2804 765 2863 urbe
779 2803 836 2864 sui.

174 2884 234 2944 Seu
249 2888 367 2960 caperis
383 2888 487 2963 primis
503 2895 532 2948 et
548 2887 649 2948 adhuc
666 2886 874 2948 crescentibus
889 2886 987 2960 annis,

193 3021 198 3026 .
213 2969 292 3028 Anto
306 2972 412 3032 oculos
428 2969 529 3032 veniet
543 2986 617 3030 vera
630 2971 733 3044 puella
748 2978 834 3030 tuos:

157 3023 245 3110 ssive
261 3052 347 3128 eupis
362 3054 518 3129 iuvenem,
542 3055 670 3114 iuvenes
685 3053 739 3114 tibi
785 3053 835 3113 ille
849 3051 1023 3127 placebunt,

157 3140 159 3148 ’
215 3131 338 3209 Cogeris
353 3146 382 3196 et
398 3136 459 3197 voti
475 3137 605 3198 nescius
615 3153 686 3198 esse
699 3070 783 3210 ruff

129 3226 162 3278 55
176 3217 236 3277 Seu
251 3225 280 3278 te
295 3220 373 3279 sorte
387 3221 469 3281 iuvet
483 3237 552 3280 sera
567 3227 596 3280 et
612 3221 777 3296 sapientior
792 3226 886 3291 aetam,

213 3301 280 3384 Hoc
296 3320 433 3379 quoque,
456 3301 552 3364 crede'
561 3295 648 3377 mihi,
670 3305 788 3378 plenius
802 3317 911 3376 agmen
927 3300 992 3360 erit.

171 3386 215 3444 Tu
230 3385 321 3444 modo
336 3387 482 3461 Pompeia
496 3388 595 3448 lentus
611 3389 744 3461 spatiare
759 3385 816 3445 sub
830 3383 947 3456 umbra,

215 3468 288 3528 Cum
303 3470 350 3530 sol
364 3470 503 3530 Herculei
518 3480 603 3545 terga
614 3471 710 3529 leonis
726 3468 803 3528 adit:
