2498 4008
128 251 192 316 200
490 243 630 306 ARTIS
655 242 792 304 ΑΜΑΤ.

206 414 209 418 ·
257 400 356 475 Saepe
371 405 487 459 tument
500 395 638 473 zephyro
654 394 758 467 lintea,
783 405 877 468 saepe
892 402 975 457 noto.

210 485 342 558 Aspice,
364 491 396 541 ut
412 481 442 540 in
461 497 551 540 curru
564 478 656 538 modo
673 478 724 537 det
738 476 885 537 durantia
898 488 1000 540 rector

212 563 229 608 Γ
253 568 348 638 Lora,
369 564 462 624 modo
478 564 632 623 admissos
648 567 711 621 arte
726 567 856 620 retentet
869 577 977 635 equos.

145 658 197 716 435
209 649 288 710 Sunt
301 648 412 725 quibus
429 649 546 720 ingrate
559 645 663 706 timida
677 644 865 719 indulgentia
879 647 982 720 servit,

250 732 302 804 Et,
326 732 352 791 si
367 731 450 791 nulla
463 729 570 791 subest
584 727 718 801 aemula,
739 729 863 801 languet
877 744 971 790 amor.

209 815 375 876 Luxuriant
389 813 479 874 animi
496 812 588 873 rebus
607 812 785 886 plerumque
800 811 955 886 secundis

249 899 312 958 Nec
326 897 416 957 facile
434 902 480 956 est
499 911 600 970 aequa
615 894 775 955 commoda
790 901 891 954 mente
906 896 990 970 pati

208 982 248 1042 Ut
262 981 339 1040 levis
355 979 524 1054 absumptis
540 978 683 1054 paulatim
697 976 812 1036 viribus
827 978 906 1052 ignis

142 1075 195 1128 llo
224 1065 321 1140 .lpse
335 1065 422 1134 latet,
446 1077 565 1122 summo
581 1068 669 1121 cenet
683 1060 713 1118 in
729 1061 799 1134 igne
815 1062 901 1132 cinis,

208 1146 271 1208 Sed
285 1154 385 1206 tamen
404 1146 551 1206 extinctas
568 1145 690 1204 admoto
707 1145 831 1218 sulpure
844 1143 983 1206 flammas

248 1231 381 1304 Invenit,
405 1235 434 1288 et
447 1230 549 1287 lumen
564 1228 649 1303 quod
663 1227 719 1286 luit
733 1232 820 1300 ante,
839 1227 932 1287 redit:

207 1313 273 1387 Sic,
293 1314 345 1373 ubi
359 1311 448 1388 pigra
463 1310 523 1372 situ
537 1326 708 1384 securaque
723 1323 849 1384 pectora
861 1317 991 1386 torpent,

230 1405 233 1412 '
246 1396 378 1455 Acribus
393 1400 441 1454 est
455 1395 583 1456 stimulis
599 1393 766 1453 eliciendus
782 1408 878 1453 umor.

140 1489 192 1542 445
203 1477 264 1538 Fac
279 1480 382 1538 timeat
398 1479 436 1536 de
450 1485 494 1552 te,
517 1477 713 1552 tepidamque
727 1476 877 1536 recallaee
894 1485 1039 1538 mentem:

245 1561 359 1622 Palleat
374 1561 488 1621 indicio
504 1560 637 1620 criminis
651 1561 702 1619 illa
718 1559 770 1620 tui.

205 1643 228 1705 0
245 1652 398 1718 quateret
413 1643 554 1719 quotiens
571 1658 697 1703 numero
714 1644 924 1717 conprendere
939 1659 998 1704 non
1013 1651 1063 1704 est

245 1728 390 1801 Felicem,
416 1728 455 1786 de
471 1743 532 1802 quo
547 1728 632 1785 laesa
647 1727 747 1801 puella
763 1727 860 1784 dolet:

203 1810 300 1884 Quae,
323 1811 411 1871 simul
426 1811 539 1869 invites
555 1809 666 1868 crimen
681 1810 821 1884 pervenit
836 1808 986 1883 adamae,

137 1903 189 1957 450
241 1893 376 1968 Excidit,
400 1900 430 1953 et
443 1894 573 1953 miserae
587 1908 713 1967 voxque
730 1893 876 1966 colorque
890 1892 973 1968 sugit.

176 2023 181 2032 ,
201 1977 256 2036 llle
272 1992 329 2050 ego
346 1978 419 2050 sim,
433 1977 525 2036 vcuius
542 1976 634 2034 laniet
649 1975 764 2034 luriosa
780 1975 921 2050 capillos=

242 2060 296 2119 llle
311 2075 369 2134 ego
386 2060 468 2133 sim,¹
479 2065 600 2118 teneras
618 2059 666 2118 cui
682 2065 764 2132 petat
778 2073 880 2132 ungue
895 2074 999 2132 genas,
1143 2118 1152 2126 ,,

200 2143 295 2215 Quem
309 2143 413 2204 videat
426 2143 605 2223 lacrimare,
628 2157 719 2216 quem
737 2140 832 2200 torvis
848 2148 964 2216 spectet
981 2143 1099 2216 ocellis,

244 2226 308 2300 Quo
327 2227 392 2285 sine
407 2241 469 2286 non
484 2227 584 2302 possit
599 2225 718 2295 vivere,
743 2239 839 2300 posse
853 2224 934 2284 velit.

134 2317 185 2371 455
198 2307 230 2369 Si
246 2307 377 2382 spatium
394 2324 540 2384 quaeras,
563 2307 657 2367 breve
668 2307 727 2388 sit,
752 2307 836 2383 quod
850 2308 933 2367 laesa
950 2316 1106 2382 queratur,

240 2391 284 2450 Ne
299 2393 381 2452 lenta
394 2393 476 2452 vires
492 2391 614 2465 colligat
628 2391 673 2449 ira
686 2405 781 2452 mora.

200 2474 336 2534 Candida
351 2475 528 2534 iamdudum
543 2474 702 2549 cingantur
717 2474 796 2533 colla
810 2474 940 2548 lacertis,

239 2559 336 2632 inque
350 2565 421 2618 tuos
437 2556 516 2618 flens
532 2565 578 2635 est
595 2556 775 2633 accipienda
792 2558 891 2616 sinus..

198 2640 311 2700 Oscula
327 2640 482 2715 deflenti,
504 2641 635 2701 Veneris
651 2640 818 2714 da'gaudia
831 2638 924 2712 flenti,

20 2740 24 2749 “
131 2732 184 2788 460
236 2723 300 2784 Pax
316 2726 380 2785 erit.
402 2723 463 2786 hoc
477 2740 539 2785 uno
555 2725 682 2784 solvitur
695 2721 740 2782 ira
754 2723 857 2782 modo.
931 2725 933 2729 ’

198 2807 271 2888 Cum
285 2807 364 2868 bene
380 2807 538 2881 saevierit,
559 2825 628 2868 cnm
645 2813 727 2866 certa
741 2805 894 2866 videbitur
908 2805 1016 2878 hostis,

238 2890 311 2949 Tum
328 2898 398 2966 pete
414 2891 593 2952 concubitus
602 2890 749 2967 loedere,
772 2889 851 2948 mitis
867 2889 931 2948 erit.

195 2973 258 3031 lllic
274 2974 424 3047 depositis
439 2973 555 3035 habitat
569 2972 740 3034 Concordia
754 2974 837 3044 telis-2

235 3055 306 3130 illo,
329 3057 421 3115 crede
437 3057 523 3132 mihi,
547 3057 649 3117 Gratia
663 3063 733 3115 nata
746 3057 816 3116 loco
831 3061 887 3114 est.
955 3053 958 3057 ’
1019 3122 1025 3126 ,

128 3147 180 3204 465
194 3138 278 3212 Quae
292 3139 385 3199 modo
403 3147 589 3214 pugnarunt,
611 3140 739 3214 iungunt
756 3155 813 3198 sua
827 3144 928 3198 rostra
943 3136 1117 3208 columbae,

236 3221 368 3296 Quarum
381 3221 545 3282 blanditias
559 3223 716 3297 verbaque
729 3235 866 3282 murmur
879 3219 980 3279 habet.
1007 3295 1013 3306 Ι

191 3305 292 3365 Prima
306 3307 362 3366 luit
375 3322 476 3366 rerum
493 3307 622 3366 contusa
637 3306 703 3366 sine
719 3306 826 3366 ordine
842 3305 947 3377 melea,

235 3388 366 3463 Unaque
382 3395 447 3448 erat
460 3391 555 3448 iacies
571 3388 689 3460 sidera,
713 3396 808 3460 terra,
832 3388 950 3446 fretum.

108 3494 115 3504 r
190 3468 266 3526 Mox
279 3471 396 3530 caelum
408 3472 582 3546 impositum
593 3473 690 3545 terris,
702 3471 812 3532 humus
825 3484 961 3550 aequore
971 3468 1144 3548 clnctaest,
