2472 4010
434 163 476 236 11,
492 161 658 237 14‚3o-
673 161 728 237 16,
743 160 794 225 37.

107 365 162 458 16
193 361 274 457 Pars
288 411 337 454 me
352 394 456 456 Sulmo
471 403 553 456 tenet
565 394 680 470 Peligni
695 396 781 456 tertia
796 395 891 468 ruris,

231 480 344 554 Parva,
367 479 423 538 scd
439 477 564 552 inriguis
581 496 636 539 ora
651 478 782 540 salubris
799 479 899 552 aquis.

192 564 245 624 Sol
261 563 332 622 licet
347 563 470 623 admoto
486 563 623 622 tellurem
640 564 742 622 sidere
757 562 867 634 findat,

233 647 270 704 Et
284 647 375 706 micet
388 646 477 705 Icarii
492 647 580 706 stella
595 653 739 722 proterva
755 644 855 704 canis:

162 738 178 789 5
191 731 274 790 Arva
288 737 484 803 pererrantur
497 728 622 804 Peligna
636 729 823 803 liquentibus
839 726 946 800 undis,

233 813 271 872 Et
285 812 362 871 viret
376 812 406 872 in
419 819 523 873 tenero
539 813 645 872 fertilis
660 812 756 872 herba
772 814 851 882 solo.

191 896 285 956 Terra
300 897 387 956 lerax
403 896 534 966 Cereris,
558 899 717 971 multoque
734 895 864 956 feracior
878 896 963 954 uvis:

234 972 292 1037 Da't
307 994 432 1053 quoquc
447 979 612 1040 baciferam
625 978 749 1038 Pallada
761 996 851 1038 rarus
867 994 950 1051 ager.

191 1061 309 1133 Perque
323 1068 519 1134 resurgentes
534 1062 609 1121 rivis
625 1061 796 1120 labentibus
812 1060 923 1120 herbas

151 1155 184 1206 ιο
239 1143 419 1203 Gramineus
434 1140 594 1202 madidam
604 1159 735 1218 caespes
752 1143 914 1204 obumbrat
928 1143 1062 1202 humum.

192 1229 233 1287 At
247 1243 333 1286 meus
348 1227 428 1302 ignis
443 1227 540 1286 abest.
563 1226 667 1285 Verbo
683 1227 880 1302 peccavimus
896 1241 973 1285 uno:

235 1309 320 1384 Quae
335 1318 437 1371 movet
452 1310 595 1381 ardores,
619 1317 666 1370 est
682 1310 799 1386 procul.
832 1309 924 1369 ardor
938 1310 1037 1368 adest.

192 1394 259 1453 Non
276 1409 352 1468 ege,
375 1395 401 1454 si
415 1393 536 1460 medius
551 1393 674 1453 Polluce
689 1401 719 1452 et
734 1394 859 1453 Castore
875 1409 988 1468 ponar,

235 1479 269 1536 In
285 1479 362 1536 caeli
376 1477 443 1537 sine
458 1485 486 1536 te
502 1486 588 1551 parte
604 1475 700 1537 luisse
717 1477 816 1539 velim.
874 1471 875 1476 ’

152 1569 184 1622 15
196 1559 322 1621 Solliciti
336 1562 456 1619 iaceant
470 1567 612 1635 terraque
628 1567 804 1636 premantur
818 1561 939 1635 iniqua,

234 1644 268 1701 ln
284 1643 394 1718 longas
409 1643 514 1702 orbern
531 1645 582 1717 qui
597 1659 725 1703 secuere
741 1645 817 1704 vias.

134 1735 143 1752 ⁸
193 1728 256 1787 Aut
269 1724 413 1786 iuvenum
429 1727 556 1786 comites
572 1727 738 1787 iussissent
751 1729 796 1788 ire
812 1727 949 1802 puellas,

231 1809 269 1886 ,Si
285 1810 340 1870 luit
352 1809 383 1868 in
399 1811 507 1884 longas
523 1815 603 1872 terra
617 1811 753 1871 secanda
767 1811 846 1872 vias.

140 1887 144 1895 '
193 1894 268 1952 Tum
283 1893 371 1965 mihi,
396 1893 422 1952 si
436 1909 605 1967 premerem
623 1899 771 1954 ventosas
783 1893 926 1954 horridus
943 1894 1056 1968 AlpeS‚

152 1986 187 2038 20
239 1976 410 2037 Dummodo
427 1992 494 2036 cum
510 1979 648 2050 domina,
671 1979 763 2039 molle
778 1978 888 2038 luisset
902 1979 967 2036 iter.

196 2059 269 2120 Cum
283 2059 407 2120 domina
421 2060 555 2138 Libycas
571 2061 669 2121 ausim
684 2078 882 2136 perrumpere
899 2059 1022 2138 SyrteS,

236 2143 273 2203 Et
288 2145 362 2203 dare
377 2160 437 2203 non
454 2145 647 2220 aequis-vela
662 2147 789 2204 serenda
803 2146 893 2205 nolis.

195 2227 261 2285 Nou
278 2243 357 2301 quae
373 2227 509 2302 virgineo
527 2235 667 2302 portenta
682 2227 739 2288 sub
755 2227 877 2303 inguine
889 2229 1016 2299 latrant,

237 2309 299 2369 Nec
314 2311 434 2370 timeam
450 2318 589 2383 vestros,
610 2327 705 2371 curve
718 2311 835 2382 Malea,
860 2312 960 2371 sinus=

152 2403 186 2454 25
198 2391 263 2453 Non
280 2409 341 2467 qna
355 2393 522 2453 submersis
537 2395 653 2454 ratibus
669 2402 803 2454 saturata
819 2394 990 2472 Charybdis

237 2475 349 2535 Fundit
363 2484 394 2536 et
408 2477 524 2544 effusas
542 2494 595 2538 ore
610 2486 747 2552 receptat
763 2493 871 2552 aquas

196 2557 284 2632 Quod
300 2557 327 2618 si
340 2559 512 2633 Neptunum
527 2567 656 2620 ventosa
672 2562 808 2636 potentia
823 2561 927 2634 vincit,

237 2642 274 2702 Et
289 2642 494 2704 subventuros
509 2645 627 2704 aulerci
640 2645 723 2704 unda
736 2645 828 2716 dem,

195 2727 240 2784 Tu
254 2727 371 2785 nostris
387 2727 495 2786 niveos
509 2727 623 2787 umeris
639 2727 754 2802 inpone
771 2729 920 2786 lacertos:

153 2817 188 2870 30
241 2808 378 2883 Corpore
393 2827 450 2870 nos
467 2810 548 2870 sacili
563 2811 653 2872 dulce
668 2811 801 2869 feremus
818 2826 904 2870 onus.

197 2891 300 2966 Saepe
314 2899 424 2966 petens
439 2893 541 2953 Heron
553 2889 674 2953 iuvenis
686 2897 900 2952 transnaverat
911 2887 1026 2948 undas:

238 2974 312 3034 Turn
331 2992 455 3051 quoque
470 2983 670 3036 transnasset.
699 2977 756 3036 sed
771 2977 822 3036 via
838 2992 931 3045 caeca
946 2975 1010 3036 luit.

196 3060 236 3117 At
250 3059 317 3117 sine
332 3065 376 3132 te,
402 3061 542 3134 quamvis
559 3061 684 3134 operosi
699 3059 812 3118 vitibus
828 3061 892 3134 agri

236 3141 286 3199 Me
301 3149 437 3215 teneant,
462 3143 602 3217 quamvis
619 3144 758 3202 amnibus
775 3159 849 3202 arva
863 3149 981 3214 natent,

153 3231 187 3283 35
199 3223 236 3282 Et
250 3233 339 3285 vocet
354 3226 384 3284 iu
401 3225 485 3286 rivos
502 3234 671 3286 currentem
687 3227 820 3286 rusticus
836 3227 964 3296 undam,

237 3305 422 3383 Frigidaque
437 3309 583 3369 arboreas
598 3310 729 3369 mulceat
744 3325 819 3367 aura
834 3324 955 3380 comas,

195 3389 262 3450 Non
278 3407 335 3466 ego
350 3392 492 3468 Pelignus
510 3393 617 3452 videor
633 3390 786 3451 celebrare
800 3389 959 3484 salubres,
