2488 4006
158 247 220 313 156
534 245 803 306 EPISTULAE.

179 401 277 464 100111
291 415 397 459 rursus
411 399 570 472 miserum,
595 395 678 472 quod
693 411 741 454 me
758 390 866 471 prooul
880 395 951 454 inde
965 405 1091 457 remoto

248 488 250 502 ¹
285 483 380 556 Quem
395 482 515 542 minime
531 482 655 554 vellem,
676 479 804 538 forsitan
819 481 894 538 alter
908 480 1012 540 adest!

242 569 294 626 Ille
310 581 418 626 manus
435 566 509 626 istas
528 565 644 639 altingit
658 570 689 622 et
703 563 825 622 adsidet
838 578 875 621 ae
912 579 958 639 ae,

285 651 405 710 invisus
421 650 541 724 superis
557 665 625 709 oum
641 647 827 722 superisque
840 647 879 704 mi
904 648 923 704 1.

242 735 382 808 Dumque
398 749 454 792 suo
469 739 564 793 tentat
579 731 736 791 salientem
753 729 863 805 pollice
877 745 998 808 venam,

179 824 231 880 110
284 817 420 876 Candida
436 832 491 891 per
505 831 630 876 eausam
643 813 769 874 braohia
784 827 878 888 saepe
894 821 988 874 tenet:

243 901 475 973 Contrectatque
491 901 576 958 sinus
591 905 620 957 et
635 898 760 956 forsitan
777 899 885 957 oscula
898 898 1003 972 iungit.

201 990 205 998 '
285 983 393 1043 Oifioio
410 997 527 1042 meroes
542 983 661 1058 plenior
675 980 735 1041 ista
748 997 807 1041 suo
823 987 878 1039 est.

242 1068 317 1142 Quis
331 1065 385 1126 libi
400 1066 536 1141 permisit
550 1074 671 1140 nostras
687 1077 888 1138 praecerpere
903 1071 1046 1124 messes?

219 1204 224 1209 .
284 1151 335 1210 Ad
350 1166 424 1224 spes
441 1141 563 1209 alterins
580 1149 648 1227 quis
665 1143 895 1207 11011001111011
959 1183 962 1187 ›

180 1235 301 1296 1111010
316 1233 402 1293 sinus
417 1249 503 1292 meus
517 1241 579 1292 est!
601 1247 669 1290 mea
681 1232 809 1305 turpiter
825 1231 930 1290 ossula
946 1233 1059 1291 sumis!

285 1321 314 1377 A
328 1317 399 1374 mihi
415 1316 568 1390 promisso
584 1330 714 1389 corpore
727 1315 799 1373 tolle
814 1329 931 1394 manus.

152 1399 155 1406 ’
211 1409 212 1414 ’
242 1400 398 1475 Improbe,
419 1400 491 1458 tolle
506 1407 629 1458 manus!
651 1399 1184 1472 0000100010,1100110101010000

284 1483 450 1544 Postmodo
467 1485 493 1541 si
511 1483 604 1544 lanies
619 1482 715 1552 istud,
738 1480 856 1540 adulter
872 1480 942 1540 eris.
981 1510 988 1519 ›

242 1567 327 1641 Elige
343 1567 382 1626 de
397 1567 519 1640 vacuis,
543 1575 633 1638 quam
651 1580 711 1623 non
728 1564 785 1623 sibi
801 1564 934 1624 vindicet
947 1567 1032 1625 alter.

180 1659 231 1710 150
284 1649 316 1709 Si
331 1651 447 1723 nescis,
471 1649 625 1728 dominum
640 1664 690 1708 res
707 1648 797 1712 habet
811 1649 868 1706 ista
884 1663 979 1708 suurn.
1027 1703 1029 1708 ,
1237 1629 1238 1704 i

242 1735 305 1792 Neo
320 1733 391 1792 mihi
407 1732 583 1792 credideris.
605 1733 747 1790 recitetur
763 1733 892 1791 formula
907 1732 1002 1805 paoli:

284 1817 349 1875 Neu
367 1818 474 1875 falsam
489 1817 575 1876 dieas
590 1831 676 1887 esse,
701 1816 748 1873 lae
763 1815 831 1888 ipsa
846 1817 936 1888 legat.

242 1900 376 1960 Alterius
392 1899 555 1958 thalamo...
572 1899 623 1958 tibi
639 1914 713 1973 nos,
734 1897 786 1958 tibi
801 1897 961 1958 dicimus..
977 1898 1039 1958 exi.

284 1983 364 2056 Quid
380 1983 539 2042 1001011101
561 1983 624 2042 exit
648 1998 708 2042 non
725 1989 814 2040 vacat
831 1982 888 2040 isle
903 1989 1000 2042 torus.

179 2073 229 2126 155
238 2065 316 2126 Nam
333 2067 416 2140 quod
430 2066 527 2143 habes
542 2073 572 2125 01
586 2074 618 2125 tu
632 2065 743 2139 gemini
759 2065 852 2124 verba
866 2067 962 2125 altera
981 2063 1073 2139 paoli,

132 2157 134 2162 ’
239 2207 242 2212 ,
283 2150 350 2210 Non
366 2149 421 2208 erit
435 2148 548 2208 ideireo
567 2165 622 2224 par
636 2157 687 2208 tua
702 2165 794 2224 carisa
810 2162 904 2208 meae.

242 2232 326 2291 Haeo
342 2233 417 2290 mihi
429 2239 463 2292 s'e
479 2234 602 2307 pepigit.
627 2240 712 2307 pater
727 2232 804 2290 hano
819 2232 886 2305 tibi,
911 2231 1026 2306 primus
1040 2232 1079 2290 ab
1091 2231 1163 2289 illae

287 2315 349 2374 Sed
364 2315 505 2390 proprior
519 2324 612 2387 certe,
637 2331 728 2390 quam
744 2324 843 2390 pater,
866 2315 935 2390 ipsa
950 2315 1009 2374 sibi
1025 2324 1083 2375 est.

241 2399 381 2458 Promisit
396 2406 481 2474 pater
496 2399 585 2458 hano.
607 2399 684 2458 haee
698 2399 850 2461 elimavit
864 2399 990 2458 amanti:

178 2490 231 2544 160
282 2482 336 2540 llle
350 2482 505 2556 homines,
528 2483 604 2543 liaeo
618 2491 666 2542 est
682 2483 842 2542 testilloata
857 2482 955 2542 deam.
1003 2501 1013 2534 ,-

240 2565 297 2624 Η10
313 2565 416 2624 metuit
429 2567 575 2640 mendax,
599 2567 682 2627 timet
699 2566 775 2625 liaeo
792 2567 912 2640 periura
928 2565 1040 2624 vocari.

283 2647 359 2706 Num
375 2648 511 2721 dubites,
531 2649 581 2709 lrie
598 2650 636 2710 sit
650 2651 747 2710 maior
761 2666 800 2708 an
814 2649 864 2708 ille
878 2656 998 2710 melus?

240 2732 393 2805 Denique,
413 2739 446 2791 ut
460 2733 616 2793 amborum
632 2734 770 2794 conterre
786 2733 920 2808 pericula
935 2729 1052 2807 possis,

283 2815 417 2889 Respice
429 2816 467 2874 ad
482 2823 619 2876 eventus.
643 2817 720 2875 haec
735 2815 848 2886 onlmt‚'
861 2817 910 2874 ille
924 2816 1015 2874 valet.

176 2905 228 2960 161
240 2898 303 2956 Nos
320 2915 443 2973 quoque
458 2900 597 2960 dissimili
611 2900 775 2959 conamina
791 2907 890 2958 mente
908 2898 1057 2970 subimus

282 2981 344 3040 Neo
361 2997 434 3056 spes
449 2997 506 3058 par
519 2983 608 3042 nobis
624 2998 680 3043 nee
695 2985 784 3043 timor
798 2995 915 3057 aequus
930 2982 1028 3040 adest.

239 3065 284 3124 Tu
298 3064 377 3138 petis
393 3081 433 3124 ex
449 3072 519 3125 tuto.
542 3067 665 3141 gravior
679 3066 752 3125 milii
765 3073 862 3125 morte
876 3065 1001 3140 repulsa
1018 3071 1075 3136 est,

282 3147 379 3222 ldque
397 3163 454 3223 ego
469 3148 543 3223 iarn,
566 3151 650 3224 quod
665 3158 697 3211 tu
711 3152 816 3210 forsan
835 3150 966 3221 amabis,
990 3163 1072 3206 arno.
1146 3199 1150 3205 .

242 3229 275 3290 Si
289 3230 342 3290 tibi
357 3230 503 3305 iustiliae,
526 3232 553 3292 si
568 3235 642 3294 recti
657 3249 730 3294 eura
745 3234 861 3305 luisset,

177 3319 227 3376 170
281 3315 396 3375 Cedere
412 3315 563 3376 debueras
579 3317 782 3392 ignibnsipse
799 3317 886 3376 meis.

239 3397 324 3456 Nunc
340 3399 483 3472 quoniam
498 3400 580 3460 ierus
594 3401 644 3458 hio
660 3416 716 3474 pro
733 3416 826 3460 eausa
842 3405 956 3475 pugnat
970 3399 1088 3471 iniqua,

281 3481 331 3540 Ad
347 3481 437 3556 quid,
460 3483 613 3557 Cydippe,
636 3482 734 3543 littera
748 3489 854 3544 nostra
866 3482 966 3542 redito
