2472 4010
534 303 738 365 nuonuu
792 373 795 379 ,

252 457 356 517 Verba
371 459 423 518 dat
437 457 467 516 in
483 463 591 516 ventos
607 471 681 516 aure
695 456 819 530 repulsa
834 461 912 532 luat·

208 541 264 612 At,
286 542 423 615 memini,
447 541 559 616 primo,
582 555 651 599 cum
666 547 696 598 te
716 540 816 600 celare
833 538 998 613 volebam,

251 624 381 700 Pervigil
396 626 425 683 in
443 626 563 684 mediae
578 623 681 682 sidera
697 624 796 683 noctis
813 639 892 682 eras.

167 718 201 770 45
212 707 351 769 Forsitan
369 715 398 768 et
412 715 513 768 tecum
528 713 580 773 lua
594 723 675 766 nunc
689 707 855 781 requiescit
872 707 978 767 amica.

250 792 332 865 Heu,
357 793 464 852 melior
478 797 591 866 quanto
610 807 678 850 sors
697 797 749 850 lua
764 797 845 850 sorte
860 797 946 850 mccl

208 876 380 936 Dummodo
397 876 457 946 sic,
481 876 511 933 in
530 889 578 932 me
594 873 688 932 durae
708 875 832 933 transite
848 881 988 934 catenae!

219 1026 220 1031 ἵ
249 960 400 1034 Tempora
416 959 513 1017 noctis
530 964 611 1017 eunt.
641 964 750 1016 excule
764 965 854 1032 poste
872 965 987 1018 seram!

207 1042 364 1116 Fallimur,
388 1057 426 1100 an
441 1057 532 1102 verso
549 1048 717 1099 sonuerunt
732 1042 855 1100 cardine
872 1048 994 1116 postes,

166 1137 201 1188 50
252 1128 420 1200 Raucaque
435 1140 606 1186 concussae
620 1125 708 1198 signa
724 1125 838 1184 dedere
853 1127 959 1185 iores?

207 1210 358 1272 Fallimur.
383 1210 506 1285 inpulsa
522 1215 569 1268 esl
583 1210 721 1268 animoso
738 1209 830 1268 ianua
843 1217 946 1268 vento.

248 1293 285 1352 Ei
298 1294 387 1369 mihi,
404 1310 493 1369 quam
512 1294 603 1366 longe
620 1309 706 1367 spem
723 1293 790 1352 tulit
804 1309 879 1352 aura
894 1301 1006 1352 meam!

208 1377 241 1437 Si
256 1379 331 1438 salis
346 1394 380 1439 es
397 1385 519 1452 raptae,
542 1377 657 1448 Borea,
680 1392 796 1436 memor
812 1375 980 1452 Orithyiae,

249 1463 315 1521 Huc
331 1463 422 1535 ades,
445 1470 475 1522 et
492 1460 603 1519 surdas
623 1457 746 1518 flamine
763 1461 857 1520 tunde
873 1461 958 1520 ioris.

164 1551 199 1604 55
209 1544 293 1604 Urbe
308 1545 398 1605 silent
412 1551 489 1616 lota,
513 1545 675 1618 vitreoque
695 1544 848 1604 madentia
863 1559 948 1603 roret
1000 1540 1004 1548 “

248 1630 400 1704 Tempora
414 1628 513 1688 noctis
528 1633 609 1690 eunt.
636 1635 745 1686 excute
761 1634 850 1702 poste
864 1643 978 1699 seram,

207 1712 270 1773 Aul
286 1729 343 1787 ego
356 1713 415 1771 iam
434 1714 577 1786 ferroque
591 1711 715 1786 ignique
727 1711 866 1786 ‘paratior
882 1711 964 1785 ipse,
1037 1760 1043 1775 ,
1066 1751 1073 1758 »

250 1796 345 1869 Quem
360 1799 427 1874 lace
443 1795 595 1867 sustineo,
618 1801 697 1854 lecta
712 1795 845 1870 superba
860 1801 969 1869 pelam.

206 1879 274 1938 Nox
290 1887 319 1940 et
335 1881 431 1938 Amor
447 1879 612 1952 vinumque
627 1878 700 1936 nihil
718 1878 904 1939 moderabile
920 1877 1064 1938 suadente

163 1969 197 2022 60
250 1963 305 2023 illa
321 1964 440 2039 pudore
455 1970 559 2034 vacat,
581 1962 672 2022 Liber
690 1963 848 2038 Amorque
861 1969 952 2021 metu.

206 2045 313 2107 Omnia
331 2047 518 2122 consumpsi.
549 2061 606 2104 nec
621 2053 651 2106 le
668 2047 875 2120 precibusque
891 2046 1041 2120 minisque

247 2129 417 2203 Movimus,
441 2148 459 2191 o
477 2131 594 2189 roribus
609 2131 713 2190 durior
727 2131 795 2204 ipse
811 2131 893 2189 luis?

203 2214 270 2273 Non
285 2224 315 2274 lc
332 2217 486 2276 formosae
504 2213 605 2274 decuit
620 2229 746 2272 servare
762 2214 881 2287 puellae

246 2297 373 2359 Limina.
404 2298 533 2358 sollicito
550 2311 673 2356 carcere
690 2296 801 2370 dignus
819 2313 898 2356 eras.

162 2389 196 2442 65
208 2379 333 2456 Iamque
348 2384 514 2458 pruinosos
530 2381 650 2441 molitur
663 2381 784 2441 Lucifer
801 2397 892 2453 aree,

186 2483 208 2498 ·
247 2466 345 2538 inque
358 2483 447 2527 suum
460 2466 591 2526 miseros
607 2465 719 2524 excitat
738 2465 802 2524 ales
819 2480 908 2540 opus

206 2541 246 2608 Al
260 2555 306 2621 tu,
328 2567 389 2611 non
404 2551 491 2610 laetis
509 2549 643 2608 detracta
659 2563 775 2607 corona
790 2549 926 2623 capilliS,

245 2632 328 2691 Dura
340 2650 434 2709 super
448 2641 510 2693 lota
524 2632 626 2691 limina
642 2639 730 2690 noete
746 2632 821 2690 iace.

60 2781 62 2786 ,
204 2716 247 2776 Tu
263 2716 420 2792 dominae,
444 2723 553 2778 cumte
569 2709 734 2791 pr'oieclam
750 2731 839 2774 mane
856 2715 984 2790 videbit,

161 2800 196 2860 70'
248 2801 406 2876 Temporis
422 2801 574 2876 absumpti
589 2807 651 2860 tarn
664 2799 843 2866 malatestis
860 2800 931 2859 eris.

205 2884 454 2959 Qualiscumque,
478 2885 563 2958 vale,
589 2885 730 2958 sentique
745 2883 885 2944 abeuntis
901 2885 1062 2950 honorem,

245 2967 354 3040 Lente,
373 2985 430 3028 nec
449 2969 585 3028 admisso
600 2969 697 3042 turpis
717 2977 865 3027 amante...
882 2969 965 3026 vale!

203 3051 269 3110 Vos
287 3053 424 3127 quoque,
443 3053 584 3113 crudeles
600 3051 698 3127 rigido
715 3067 782 3110 curn
798 3051 899 3110 limine
916 3057 1037 3125 postes,
1094 3099 1098 3104 ,
1180 3113 1191 3130 ⁸

183 3195 187 3204 ,
245 3135 391 3210 Duraque
406 3152 577 3196 conservae
593 3137 690 3209 ligna,
706 3137 819 3208 valete,
836 3136 928 3195 iores.

151 3263 175 3354 7
207 3263 300 3358 Adue
320 3315 429 3361 manus
444 3299 473 3358 in
489 3294 590 3359 vincla
604 3317 725 3374 meas,..
741 3315 880 3360 meruere
895 3305 1052 3359 calenas...

244 3382 323 3442 Dum
341 3384 425 3443 luror
439 3384 538 3444 omnis
551 3384 626 3455 abit,
644 3384 741 3457 siquis
758 3387 875 3444 amicus
891 3383 977 3462 ades.

201 3466 276 3525 Nam
294 3467 379 3526 iuror
398 3467 428 3525 in
446 3467 600 3526 dominam
616 3468 775 3526 temeraria
792 3467 918 3527 brachia
932 3465 1036 3526 movit.

244 3549 311 3609 Flet
324 3565 392 3609 mea
407 3565 544 3609 vaesana
561 3551 648 3610 laesa
663 3549 766 3624 puella
781 3565 882 3610 manu.
