2488 4006
272 188 273 191 Ὺ
338 235 888 298 xunanonnnmro-rro.
1064 233 1124 298 121

186 387 318 464 1110101,
342 389 476 463 ingemui
489 391 644 464 tacitoque
659 389 688 448 in
706 399 831 464 pectore
846 388 913 447 dixi

145 482 180 536 90
233 473 341 546 ‘Signa
356 474 512 534 reversuri
528 471 604 548 sint,
627 488 753 547 precor,
776 472 933 532 istauirit’

187 557 270 616 Haeo
288 557 342 618 tibi
358 573 438 617 nuno
454 558 571 631 resero,
593 573 632 616 ne
647 557 691 616 sis
706 557 863 615 animosus
878 556 1026 616 ioannis.

227 641 288 702 Fae
302 657 391 700 meus
405 641 436 698 in
451 647 561 702 ventos
578 640 628 700 hie
641 641 731 700 timor
745 639 845 700 omnis
857 646 915 699 eat.

188 723 263 784 Sors
280 739 406 800 quoque
421 724 526 784 000010
544 739 634 800 quem
652 725 714 784 lato
731 723 871 798 designat
889 723 1004 798 iniquo,

229 807 285 882 Qut
304 809 419 883 primus
435 809 574 870 Danaum
586 807 706 868 Troada
720 815 824 882 tangat
838 807 973 868 humum.

143 899 178 954 95
189 892 312 966 Infelix,
337 907 418 969 quae
432 892 530 966 prima
544 895 642 952 virum
659 891 774 966 lugebit
790 893 980 966 ademptum!

228 975 266 1034 Di
281 975 408 1049 1001001,
431 982 517 1035 0010
531 982 673 1036 strenuus
689 991 764 1035 0000
776 977 870 1036 velis!

185 1059 266 1118 Inter
281 1059 362 1118 mille
378 1065 460 1118 rates
477 1066 530 1120 tua
545 1059 585 1119 sit
598 1059 780 1118 millensima
795 1060 919 1133 000010,

178 1170 180 1174 ·
228 1141 354 1215 lamque
373 1142 872 1215 1011001000111010001001000οε.
921 1140 926 1149 '

186 1225 252 1284 Hor
268 1239 393 1299 quoque
409 1239 605 1298 praemoneo.
630 1225 668 1284 de
684 1240 762 1282 nove
777 1225 965 1284 novissimus
981 1225 1045 1284 exi:

123 1319 175 1371 100
227 1308 294 1368 Νο0
309 1316 371 1381 001,
394 1325 455 1382 000
472 1323 635 1384 properes,
656 1315 736 1368 terra
755 1315 879 1380 paterne
896 1307 958 1367 tibi.

188 1393 262 1453 Cum
277 1392 398 1465 venies,
419 1407 568 1466 remoque
582 1407 673 1451 move
690 1393 823 1466 veloque
837 1392 979 1465 carinam,

230 1477 327 1550 Inque
340 1483 393 1537 tuo
409 1477 540 1536 celerem
554 1476 642 1535 litore
657 1475 732 1535 siste
748 1475 891 1548 gradum!

187 1560 262 1620 Sive
276 1561 348 1620 latet
363 1558 522 1633 10100000,
545 1575 602 1620 000
616 1559 704 1619 terris
722 1561 809 1618 altior
825 1566 934 1631 exstat,

229 1644 273 1702 Tu
287 1642 360 1702 mihi
374 1643 443 1702 luoe
460 1643 562 1716 dolor,
585 1651 614 1702 tu
632 1642 705 1701 mihi
721 1649 811 1702 00010
828 1643 930 1702 uenis:

123 1738 174 1791 105
184 1727 280 1788 Nocte
294 1734 395 1786 tamen
411 1743 502 1802 quam
517 1727 585 1786 lure
600 1727 707 1800 magis.
731 1739 793 1785 nox
808 1732 893 1800 grata
909 1727 1027 1800 puellis,

230 1812 362 1884 Quarum
378 1811 557 1886 subpositus
575 1811 654 1872 00110
666 1811 798 1870 lacertus
814 1809 915 1881 habet.

187 1897 337 1970 Aucupor
354 1895 386 1954 in
399 1895 479 1956 10010
493 1894 659 1954 mendaces
673 1893 790 1952 caelibe
805 1908 942 1953 somnos,

229 1978 307 2037 Dum
323 1994 414 2038 eoreo
430 1979 528 2051 veris,
550 1977 664 2052 gaudia
679 1977 758 2035 10100
772 1977 885 2036 iuvent.

190 2061 253 2121 Sed
268 2069 320 2122 100
335 2077 389 2120 eur
403 2061 493 2121 nobis
512 2062 631 2134 pallens
648 2060 779 2120 occurrit
793 2061 916 2134 imago?

125 2155 177 2207 110
230 2145 289 2205 Cur
301 2146 385 2204 venit
400 2160 418 2203 0
432 2143 536 2204 verbis
550 2144 643 2204 multa
658 2143 783 2219 querela
797 2145 879 2204 10100

188 2227 334 2288 Excutior
351 2243 475 2300 somno,
501 2228 725 2302 simulacraque
743 2228 842 2286 noetis
860 2227 973 2287 adoro:
1014 2237 1018 2251 “

230 2311 317 2370 Nulla
335 2318 419 2370 earet
434 2312 519 2370 10100
530 2311 687 2370 Thessalis
703 2327 756 2369 ara
769 2327 855 2370 meo:

188 2396 268 2455 Tura
283 2395 406 2465 damus,
430 2396 649 2468 lacrimamque
664 2409 772 2468 super,
796 2411 862 2468 000·
875 2410 986 2469 sparsa
1000 2393 1123 2467 relucet,

230 2479 270 2538 Ut
285 2480 363 2538 solet
379 2479 490 2541 001000
508 2493 634 2552 surgere
649 2476 771 2536 flammo
786 2493 879 2536 mero.

124 2575 177 2628 115
190 2561 319 2635 Quando
335 2578 407 2636 ego,
430 2568 460 2622 10
475 2563 619 2622 reducem
635 2560 756 2636 cupidis
773 2562 914 2636 amplexa
931 2561 1062 2634 lacertis,

232 2645 392 2719 Languida
410 2647 521 2706 laetitia
536 2648 640 2706 solvar
655 2644 693 2704 ab
710 2645 779 2719 ipsa
794 2653 884 2704 mear

190 2729 319 2804 Quando
335 2731 405 2802 erit,
427 2735 460 2788 01
475 2731 553 2789 10010
567 2745 687 2788 meeum
701 2729 780 2788 bene
797 2729 917 2788 iunotus
934 2728 1041 2786 inuno

231 2811 357 2872 Militiae
370 2813 487 2874 reseras
505 2812 669 2888 splendida
683 2812 763 2871 saeta
777 2819 870 2871 tnaet

190 2896 273 2969 Quae
287 2896 359 2955 mihi
375 2897 447 2956 dum
461 2898 593 2969 referes,
612 2897 752 2970 quamvis
768 2896 874 2955 audire
891 2894 1014 2966 iurabit,

124 2991 176 3042 100
228 2979 323 3039 Μο110
338 2988 438 3040 tamen
453 2981 557 3056 rapies
572 2980 692 3053 000010,
715 2981 807 3038 mulla
822 2977 920 3038 dabis.
984 3029 986 3032 .

190 3062 319 3138 Semper
334 3065 363 3122 in
380 3065 430 3124 his
443 3072 513 3138 apte
529 3064 682 3124 narrantia
696 3059 790 3122 verba
803 3061 965 3124 resistunt:

231 3145 403 3222 Promptior
417 3155 465 3207 est
479 3147 560 3207 dulei
576 3149 680 3222 lingua
694 3148 809 3208 reierre
825 3163 920 3206 mora.

191 3229 253 3290 Sed
273 3247 341 3290 oum
353 3231 444 3292 Troia
458 3231 554 3305 subit,
578 3231 711 3292 subeunt
724 3231 868 3304 ventique
883 3231 1063 3302 fretumque,

233 3313 312 3389 Spes
327 3315 411 3374 bona
426 3313 557 3375 sollicito
573 3315 653 3379 vieta
666 3315 775 3373 timore
790 3313 881 3373 eadit.
981 3327 985 3330 ·

123 3407 174 3460 105
186 3396 253 3456 Hoo
268 3413 409 3472 000000,
433 3399 517 3472 0000
533 3398 613 3457 00011
632 3396 794 3473 prohibent
811 3397 895 3456 exire
911 3393 1041 3467 carinae,

231 3480 282 3540 Me
296 3488 408 3540 movet.
429 3482 532 3542 invitis
548 3482 592 3540 ire
606 3481 722 3556 peratis
738 3479 836 3553 aquis.
