2472 4010
79 336 82 347 λ
145 247 189 311 tc
546 242 794 318 *nnoaun-

270 397 315 456 Ne
329 395 382 456 tibi
397 411 458 454 uon
473 401 577 468 notus,
601 409 692 469 quern
707 393 797 466 lacis,
821 400 905 452 essct
918 410 1013 454 arnor.

201 482 272 544 5Tu
287 495 396 540 cursus
412 486 552 553 speciaS,
576 493 634 551 ego
652 484 691 535 tc.
723 483 899 550 spectemus
914 485 1043 552 uterque

272 563 361 638 Quod
376 563 473 633 iuvat,
498 568 589 634 atque
604 561 712 620 acidos
727 567 835 634 pascat
847 569 975 633 uterque
990 577 1079 622 suos

231 647 254 707 0
271 648 451 721 cuicumque
466 645 567 718 laveS,
591 644 662 702 felix
677 643 806 717 agitator
819 652 982 718 equorum!

271 731 351 804 Ergo
366 729 409 792 illi
424 743 515 788 curae
531 727 656 800 contigit
671 742 742 785 esse
755 733 847 786 tuae?
961 775 963 785 s

229 815 296 873 Hoc
312 813 384 870 mihi
399 812 566 884 contingat,
590 825 679 869 sacro
696 810 735 868 de
751 825 875 869 carcere
890 810 993 870 missis
1221 869 1222 878 ,

188 909 222 961 10
275 897 416 955 Insistam
431 895 499 954 lorti
515 899 615 953 mente
631 893 789 952 vehendus
804 894 908 968 equis=
1221 885 1222 972 l

230 981 267 1040 Et
281 980 373 1038 modo
389 980 454 1038 lora
469 977 565 1050 dabo,
588 977 680 1035 modo
697 976 824 1036 verbere
838 984 925 1050 terga
938 977 1067 1051 notabo,
1221 983 1222 1050 l

272 1064 358 1124 Nunc
372 1061 518 1134 stringam
533 1067 629 1119 metas
645 1060 787 1118 interiore
800 1067 876 1118 rota.
1221 1052 1222 1098 t

233 1148 265 1207 Si
279 1146 351 1204 milri
367 1145 496 1204 currenti
512 1144 605 1203 lucris
621 1150 801 1218 conspecta,
824 1144 980 1218 morabor,

273 1232 379 1304 Deque
394 1228 470 1288 meis
485 1227 624 1286 manibus
639 1227 705 1286 lora
719 1226 849 1286 remissa
866 1226 970 1290 fluent.

189 1326 223 1378 15
234 1317 277 1374 A!
304 1329 393 1386 quam
409 1327 508 1387 paene
522 1311 634 1384 Pelops
647 1309 756 1376 Pisaea
771 1311 905 1370 concidit
918 1311 1021 1382 hasta,

273 1398 350 1457 Dum
366 1401 485 1470 spectat
498 1396 615 1465 vultus,
637 1394 865 1468 Hippodamea,
888 1401 968 1454 tuos.
1070 1401 1085 1413 '‘

231 1481 346 1555 Nempe
361 1481 468 1539 lavore
482 1492 557 1537 suae
572 1477 644 1536 vicit
658 1483 758 1536 tamen
774 1477 967 1552 iliopuellae.
1032 1485 1036 1499 ¹
1098 1516 1106 1544 t

273 1565 441 1623 Vincamus
457 1561 598 1620 dominae
614 1561 746 1634 quisque
761 1562 867 1620 lavore
881 1577 986 1620 suae...

232 1647 310 1722 Quid
325 1648 436 1706 frustra
451 1635 588 1718 reiuglsl
610 1645 691 1718 cogit
705 1660 763 1702 nos
778 1645 857 1703 linea
872 1645 970 1717 iungi:

189 1743 225 1795 aa
276 1732 360 1790 Haec
378 1730 409 1788 in
425 1730 494 1802 lege
512 1729 572 1788 loci
588 1728 750 1788 commoda
767 1729 870 1788 Circus
886 1728 986 1788 haltai.

120 1880 122 1884 ,
230 1816 274 1873 Tu
289 1822 388 1874 tamen
404 1830 422 1872 a
437 1813 559 1884 dextra,
584 1812 768 1886 quicumque
783 1828 832 1884 θα,
857 1812 1099 1886 parce-puellae:

274 1898 420 1962 Contactu
435 1897 538 1956 lateris
551 1895 681 1956 laeditur
696 1897 755 1958 ista
769 1896 821 1956 tui.

147 2018 149 2026 ι
230 1984 272 2040 Tu
289 1996 428 2056 quoque,
453 1981 505 2053 qui
519 1986 641 2053 spectas
657 1987 728 2054 post
742 1995 814 2052 nos,
836 1985 887 2038 tua
902 1978 1046 2040 contrahe
1060 1993 1166 2050 crura,

275 2065 307 2124 Si
322 2064 424 2140 pudor
438 2070 499 2133 est,
522 2063 620 2136 rigido
636 2079 693 2122 nec
707 2079 813 2137 preme
826 2070 912 2136 terga
926 2077 1016 2136 genui

189 2161 223 2214 25
236 2149 299 2209 Sed
314 2149 439 2208 nimium
455 2147 591 2206 demissa
608 2147 708 2206 iacent
722 2146 775 2205 tibi
792 2148 883 2221 pallia
897 2153 992 2205 tarra=

276 2232 405 2306 Colliget
427 2232 477 2289 vel
491 2231 593 2304 digitis
609 2246 647 2290 en
663 2246 720 2304 ego
735 2232 810 2290 tollo
827 2229 912 2290 meis.

233 2317 339 2374 invida
353 2315 449 2374 vestis
465 2329 549 2388 eras,
568 2329 647 2388 quae
663 2322 725 2374 tarn
738 2315 820 2374 bona
835 2327 924 2374 crura
939 2312 1079 2387 tegebas!

274 2399 403 2472 Quoque
417 2399 514 2472 magis
530 2405 685 2476 spectes...
701 2399 804 2458 invida
819 2398 914 2462 vestis
931 2404 1015 2456 eras!

232 2484 316 2542 Talia
331 2482 475 2541 Milanion
490 2482 648 2542 Atalantes
664 2498 753 2542 crura
767 2483 885 2556 fugacis

191 2577 239 2644 30„
280 2566 401 2641 Optavit
415 2565 553 2625 manibus
570 2566 754 2626 sustinuisse
769 2565 846 2625 suis.
954 2615 956 2623 .

232 2651 316 2710 Talia
332 2651 495 2724 pinguntur
510 2653 683 2710 succinctae
699 2665 787 2710 crura
801 2649 931 2721 Dianae,

276 2734 349 2792 Cum
368 2733 505 2808 sequitur
519 2734 612 2793 fortes
628 2733 734 2792 fortior
748 2734 817 2808 ipsa
831 2735 923 2792 feras.

232 2819 287 2878 His
303 2834 360 2891 ego
377 2834 437 2876 non
454 2818 530 2876 visis
547 2818 617 2878 arsi.
648 2819 721 2891 quid
735 2818 789 2876 fiel
808 2817 845 2876 ab
861 2817 949 2876 istisl
992 2873 995 2878 ,

222 2960 224 2964 ,
274 2902 308 2959 ln
324 2900 476 2960 flammam
493 2901 648 2974 flammea,
669 2901 699 2960 in
714 2917 798 2960 mare
813 2901 914 2960 lundis
930 2914 1038 2971 aquas.

190 2995 225 3049 35
238 2985 387 3057 Suspicor
405 3001 444 3044 ex
460 2985 525 3044 istis
541 2992 570 3044 ct
585 2992 685 3044 cetera
700 3001 795 3059 posse
810 2987 947 3058 placere,

275 3069 360 3142 Quae
373 3067 453 3126 bene
468 3069 525 3127 sub
541 3069 622 3128 tenui
639 3069 762 3128 condita
775 3075 863 3128 veste
878 3069 1001 3128 latent...

232 3153 289 3213 Vis
307 3159 406 3211 tamen
423 3153 538 3212 interea
556 3153 661 3213 faciles
677 3168 836 3214 arcessere
850 3157 974 3224 ventos

276 3237 360 3310 Quos
377 3237 466 3296 faciet
484 3245 589 3296 nostra
603 3242 685 3296 rnota
699 3236 810 3295 tabella
825 3242 935 3294 manui

234 3323 281 3379 An
298 3321 394 3394 magis
408 3321 457 3380 hic
473 3337 564 3380 meus·
575 3327 622 3380 est
640 3321 745 3391 animi,
769 3336 830 3378 non
846 3319 940 3391 adria
961 3311 1084 3389 aestus‚‘

191 3413 227 3465 40
281 3404 437 3478 Captaque
453 3405 601 3464 semineus
618 3410 741 3477 pectora
755 3409 850 3466 torret
864 3409 990 3462 amori..

235 3489 312 3546 Dum
327 3489 453 3562 loquor,
477 3486 545 3544 alba
561 3487 620 3545 levi
637 3503 745 3560 sparsa
762 3493 808 3546 est
821 3487 880 3547 tibi
891 3487 1016 3560 puluere
1029 3490 1143 3544 vestis.
1221 3505 1222 3508 ¹
