2472 4010
158 231 199 294 52
566 230 765 292 Altonum

184 431 211 526 6
240 436 367 540 Amnis,
391 466 590 527 arundinibus
605 467 731 524 limosas
747 465 846 524 obsite
860 466 961 541 ripas,

279 552 330 618 Ad
346 551 499 611 dominam
516 563 666 625 propero„
690 548 765 620 siste
780 565 945 624 parumper
958 557 1075 627 aquas!

236 635 299 694 Nee
313 635 367 694 tibi
381 642 452 694 sunt
464 642 590 710 pontes,
614 647 671 691 nec
686 647 765 706 quae
780 633 847 692 sine
860 631 1059 708 remigis'iclu

281 719 422 779 Concava
436 721 562 777 traiecto
577 716 687 776 cumba
700 715 828 775 rudente
843 717 945 776 vehat.
1082 779 1085 783 ,

209 801 352 864 5Parvus
368 817 452 874 eras,
476 801 613 874 memini,
634 815 691 858 nee
705 807 735 858 te
748 799 1007 876 transirereiugi,

279 885 465 959 Summaque
479 885 532 944 vix
547 887 625 945 talos
642 883 766 956 contigit
780 883 862 942 unda
881 900 978 944 meos.

235 970 321 1030 Nunc
336 969 401 1028 ruis
418 969 561 1044 adposito
576 966 697 1027 nivibus
712 973 744 1026 te
758 974 861 1028 monte
878 970 1004 1040 solutis,

278 1054 315 1112 Et
329 1051 410 1127 turpi
426 1068 549 1112 crassas
564 1051 683 1126 gurgite
700 1052 799 1110 volvis
815 1065 924 1126 aquas

237 1137 314 1210 Quid
331 1151 517 1211 properasse
531 1136 628 1208 iuvat,
652 1134 726 1210 quid
740 1135 977 1208 pancadedisse
993 1135 1086 1211 quieti

194 1231 228 1283 10
280 1221 445 1294 Tempora,
469 1221 543 1294 quid
558 1219 639 1279 nocti
655 1219 854 1279 conseruisse
868 1219 963 1292 diem,

236 1303 269 1364 Si
284 1311 385 1363 tamen
399 1303 449 1362 hic
464 1303 607 1363 standum
622 1310 682 1375 est,
702 1302 729 1360 si
741 1318 802 1360 non
818 1302 908 1362 datur
923 1303 1038 1363 artibus
1059 1303 1129 1362 ullis

277 1387 408 1447 Ulterior
421 1395 526 1446 nostro
542 1387 608 1462 ripa
624 1387 791 1460 premenda
806 1387 901 1461 pedit
971 1403 973 1408 ·

235 1473 320 1532 Nunc
336 1487 393 1544 ego
410 1487 486 1546 quas
500 1469 605 1529 habuit
619 1470 728 1544 pinnas
743 1471 898 1531 Danaeius
915 1471 1021 1543 heros,

275 1554 413 1614 Terribili
431 1554 559 1614 densum
577 1569 646 1613 curn
662 1553 728 1614 tulit
744 1570 845 1628 angue
857 1563 966 1630 eaput,

192 1649 224 1700 15
235 1639 322 1698 Nunc
337 1645 410 1712 opto
427 1653 562 1710 currum,
586 1639 701 1711 dequo
719 1637 847 1698 Cerialia
860 1639 990 1712 primum

276 1721 399 1782 Semina
415 1723 606 1781 venerantia
624 1722 702 1780 rude
717 1724 814 1781 missa
831 1723 939 1782 solum.

233 1805 413 1880 Prodigiosa
427 1807 538 1879 loquor
556 1813 691 1864 veterum
708 1806 867 1866 mendacia
881 1815 993 1865 vatum.

275 1890 337 1948 Neo
353 1889 420 1949 tulit
434 1889 511 1948 haec
528 1903 686 1964 umquam,
709 1905 767 1948 nec
785 1890 861 1949 leret
875 1890 936 1949 ulla
952 1889 1028 1958 dies.

232 1975 276 2033 Tu
292 1973 408 2049 potius,
430 1973 505 2048 ripis
521 1971 620 2032 effuse
635 1972 800 2045 capacibus
816 1973 913 2034 amnis
921 2017 960 2044 ,...
1005 1991 1011 1998 ·

190 2067 225 2118 20
278 2055 330 2116 Sic
346 2064 487 2117 aeternus
504 2067 590 2116 eae...
606 2055 710 2115 labere
727 2057 788 2116 fine
801 2063 868 2117 tuot

231 2141 298 2200 Non
315 2141 375 2200 eris
389 2141 536 2214 invidiae,
558 2148 693 2213 torrens,
717 2141 910 2214 mihicrede,
930 2140 1096 2212 serendae,

275 2223 307 2284 Sl
323 2225 408 2284 dicar
425 2241 481 2298 per
498 2231 528 2283 te
543 2226 621 2284 lorte
637 2231 772 2284 retentus
789 2240 906 2284 amans,
939 2280 944 2289 ,

230 2306 368 2366 Flumina
386 2307 534 2367 deberent
548 2309 675 2368 iuvenes
690 2309 719 2368 in
736 2324 840 2368 amore
856 2307 976 2366 iuvare:

271 2391 408 2450 Flumina
424 2399 587 2451 senserunt
602 2391 684 2466 ipsa,
707 2394 779 2466 quid
796 2399 881 2452 esset
895 2407 988 2450 amor.

188 2474 366 2534 251nachus
384 2475 414 2532 in
429 2475 519 2533 Melie
534 2475 699 2552 Bithynide
716 2478 847 2551 pallidus
863 2476 927 2535 isse
973 2539 975 2542 .

273 2558 389 2632 Dicitur
403 2565 433 2618 el
448 2559 557 2633 gelidis
573 2559 737 2619 incaluisse
753 2560 852 2620 vadis.

228 2642 370 2702 Nondum
383 2643 473 2701 Troia
489 2643 543 2702 luit
558 2644 810 2710 lustrisobsessa
826 2643 964 2714 duobus,

272 2727 345 2786 Cum
360 2728 458 2802 rapuit
475 2728 592 2800 vultus,
615 2728 750 2800 Xanthe‚
773 2728 891 2791 Neaera
906 2734 984 2786 tuos.
1015 2765 1018 2770 ,

229 2809 320 2884 Quid,
343 2828 404 2870 non
419 2811 561 2886 Alpheon
580 2811 712 2872 diversis
728 2825 850 2870 currere
868 2811 956 2870 terris
1045 2811 1048 2816 ’

184 2903 221 2956 30
272 2894 407 2967 Virginis
421 2895 575 2954 Arcadiae
590 2902 692 2955 certus
708 2896 810 2970 adegit
827 2902 934 2956 amori

227 2977 269 3034 Te
286 2992 410 3052 quoque
426 2978 609 3051 promissam
623 2980 759 3052 Xantho,
782 2980 897 3053 Pence,
920 2979 1066 3039 Creusam
1153 3033 1159 3044 ,

269 3059 439 3120 Phthiotam
455 3063 542 3121 terris
562 3064 736 3123 occuluisse
754 3064 862 3123 lerunt.

228 3142 306 3216 Quid
321 3146 451 3203 reseram
466 3148 618 3221 Asopon?
640 3164 729 3220 quem
745 3148 826 3222 cepit
838 3147 946 3206 Martia
959 3144 1079 3218 Thebe,

268 3225 411 3287 Natariim
426 3229 529 3288 Thebe
545 3230 682 3305 quinque
701 3233 799 3291 lutura
814 3246 937 3306 parens.

183 3317 217 3371 35
230 3309 351 3370 Cornua
366 3315 392 3371 si
408 3320 460 3372 tua
476 3315 622 3373 nuncubi
639 3316 711 3388 sint,
733 3315 884 3389 Acheloe,
907 3314 1079 3387 requiram,

268 3395 408 3455 Herculis
423 3397 498 3455 irata
513 3399 609 3456 lraeta
624 3413 752 3470 querere
768 3415 869 3456 manu.
966 3443 968 3446 .

226 3476 287 3536 Nec
304 3479 377 3538 tanti
393 3480 545 3556 Calydon,
564 3496 621 3540 neo
638 3487 699 3539 tota
714 3483 834 3544 Aetolia
850 3483 924 3540 tanti
