2488 4006
49 203 52 210 ’
113 187 156 252 88
500 181 746 243 HEROIDES.
822 177 826 184 ’

138 349 189 402 150
241 334 376 396 Deficior
391 335 525 411 prudens
542 334 614 394 artis
630 335 668 394 ab
683 343 748 394 arte
764 351 841 394 mea.

146 421 271 496 -lpse
284 423 425 494 repertor
440 419 509 492 opis
523 433 636 478 vaccas
654 419 780 492 pavisse
793 417 944 480 Pheraeae

145 541 188 552 -
240 502 361 576 Fertur,
385 507 415 567 et
428 516 447 560 e
462 509 567 562 nostro
583 502 706 562 saucius
723 502 792 576 igne
808 501 872 562 luit.

202 586 290 662 Quod
304 601 363 645 nec
375 583 667 660 graminibus-tellus
683 585 815 645 secunda
830 586 981 662 creandis,
1079 617 1083 626 ·

243 670 305 730 Nec
321 669 414 742 de'uS‚
436 667 580 730 auxilium
595 675 628 728 iu
645 667 718 727 mibi
732 669 811 728 lerre
826 676 926 744 potes.

139 763 189 817 155
199 755 237 814 Et
251 760 357 830 potes,
379 759 409 812 et
424 753 528 812 merui.
553 753 665 826 dignae
680 750 825 812 miserere
839 754 974 828 puellae!

160 880 163 884 -
241 839 309 897 Non
325 851 382 912 ego
399 851 467 895 cum
481 835 595 895 Danais
612 851 696 895 arma
710 841 835 896 cruenta
849 837 925 896 iero.

203 921 266 982 Sed
280 927 332 980 tua
347 936 414 982 sum
429 927 591 994 tecumque
605 919 647 977 iui
664 919 829 993 puerilibus
845 921 940 990 annis,

242 1003 281 1064 Et
295 1012 361 1078 tue,
382 1003 465 1079 quod
481 1010 625 1078 superest
636 1004 797 1078 temporis,
818 1019 891 1064 esse
909 1017 1028 1079 precor.

518 1132 724 1149 ’.ί-ιι..-

533 1213 733 1280 1111.’

205 1307 319 1397 {littora
335 1334 512 1396 Thessaliae
526 1333 632 1396 reduci
648 1335 786 1410 tetigisse
801 1335 904 1396 carina

244 1419 361 1480 Diceris
378 1425 501 1479 curatae
515 1420 628 1479 vellere
644 1418 731 1478 dives
751 1421 829 1480 uvis.
875 1471 877 1476 ,

204 1503 344 1564 Gratulor
357 1503 515 1575 incolumi,
538 1509 681 1579 quantum
698 1503 784 1564 sinis.
806 1502 866 1564 boc
880 1511 980 1564 tamen
995 1505 1068 1579 ipso

244 1586 415 1646 Debueram
430 1585 545 1662 scripto
562 1587 673 1645 certior
688 1601 758 1645 esse
771 1593 834 1646 luo.

174 1671 277 1733 bNam
292 1685 330 1728 ne
346 1678 434 1744 pacta
448 1669 501 1728 tibi
517 1676 720 1744 praetermeat
733 1685 828 1744 regna
842 1670 968 1744 redires,
989 1717 991 1719 .

247 1755 320 1814 Cum
335 1767 489 1828 cuperes,
501 1759 611 1814 ventos
626 1768 687 1813 non
702 1752 849 1814 habuisse
865 1761 963 1827 potes.

204 1835 372 1911 Quamlibet
385 1837 519 1896 adverso
535 1837 670 1910 signatur
685 1836 815 1910 epistola
831 1843 932 1896 vento.

244 1920 420 1998 Hypsipyle
433 1919 529 1979 missa
545 1921 637 1994 digna
652 1922 749 1980 salute
765 1920 816 1980 lui.

205 2005 263 2064 Cur
280 2003 352 2064 mihi
367 2005 448 2063 lama
462 2005 561 2079 prior,
584 2019 675 2078 quam
690 2005 795 2063 nuntia
809 2003 896 2062 litera
907 2001 1011 2061 venite

162 2098 195 2150 ‘10
247 2087 314 2146 Isse
329 2101 436 2146 sacros
451 2086 556 2146 Martis
572 2087 629 2146 sub
645 2087 717 2161 iuga
732 2088 836 2161 panda
852 2087 957 2157 boves,

204 2169 376 2230 Seminibus
391 2171 477 2230 iactis
493 2177 614 2244 segetes
630 2170 775 2230 adolesse
790 2171 931 2244 virerum,

245 2254 341 2329 Inque
355 2267 462 2313 necem
477 2254 584 2314 dextra
599 2269 660 2313 non
677 2255 800 2328 eguisse
816 2261 897 2334 tuas

202 2334 383 2410 Pervigilem
399 2336 531 2412 spolium
545 2337 674 2412 pecudis
690 2353 836 2397 servasse
845 2325 1025 2409 draconem,

244 2421 344 2494 Rapta
360 2426 460 2478 tamen
475 2421 545 2480 lorti
560 2423 673 2480 vellera
688 2421 770 2500 fulva
784 2437 908 2482 manu...

163 2513 195 2564 15
206 2502 290 2562 Haec
306 2517 363 2577 ego
379 2502 405 2562 si
421 2519 547 2578 possem
561 2503 665 2562 timide
682 2503 877 2564 credentibus
893 2503 964 2562 ‘ista

245 2587 318 2661 lpse
332 2585 403 2646 mihi
419 2586 553 2662 scripsil’
569 2587 686 2658 dicere,
711 2594 824 2662 quanta
838 2588 949 2646 iorem!

204 2669 282 2742 Quid
297 2685 409 2744 queror
424 2670 558 2732 officium
571 2670 643 2730 lenti
659 2685 802 2730 cessasse
817 2669 935 2729 mariti?

246 2752 447 2828 Obsequium,
469 2769 578 2814 maneo
594 2753 621 2813 si
635 2760 700 2828 tua,
720 2755 837 2828 grande
853 2753 913 2814 tuli.

202 2835 338 2894 Barbara
352 2844 490 2896 narretur
505 2838 630 2897 venisse
644 2838 783 2897 venefica
799 2845 909 2910 tecum,

161 2927 196 2980 20
248 2919 282 2976 ln
297 2917 368 2980 mihi
383 2920 528 2994 promissi
542 2928 629 2996 parte
644 2928 770 2995 recepta
783 2921 851 2981 tori.

205 3001 334 3083 Credula
347 3017 398 3061 res
414 3018 499 3062 arnor
512 3012 567 3064 est.
592 3005 705 3064 utinam
718 3003 878 3064 temeraria
895 3001 979 3062 dicar

246 3083 426 3145 Criminibus
441 3086 527 3146 salsis
543 3086 737 3148 insimulasse
751 3089 861 3148 uirum.

203 3167 306 3244 Nuper
321 3168 359 3228 ab
373 3168 551 3229 Haemoniis
567 3171 684 3246 hospes
699 3171 771 3230 mihi
785 3171 952 3233 Thessalus
968 3169 1032 3229 oris

243 3254 388 3312 Venerat.
410 3259 440 3313 et
453 3259 564 3313 luctum
579 3256 630 3314 vix
644 3255 723 3330 bene
738 3255 828 3316 limen
844 3263 916 3328 erat,

159 3345 193 3396 25
206 3337 405 3397 ‘Aesonides’
422 3337 485 3398 dixi
501 3337 588 3410 ‘quid
603 3339 664 3411 agit
677 3342 798 3397 meust’
822 3339 875 3396 ille
890 3337 1010 3412 pudore

244 3418 365 3494 Haesit,
386 3420 416 3478 in
433 3421 577 3494 opposita
592 3420 705 3481 lumina
719 3421 800 3481 lixus
815 3421 918 3481 humo.
1000 3427 1003 3431 ’
