2472 4010
405 241 448 314 il,
469 237 779 314 12‚19-1t‚aa.

167 393 315 456 Situmen
332 393 362 452 in
377 398 460 454 tanto
478 393 524 452 ias
542 400 590 452 cst
603 391 762 454 monuisse
776 393 898 464 timore,

206 477 271 538 Hac
286 477 339 536 tibi
355 477 394 536 sit
408 491 510 550 pugna
525 477 702 536 dimicuisse
717 477 802 536 satis.

86 607 142 698 14
166 607 251 712 Quin
266 643 349 703 iuvat
363 643 502 702 inmunes
518 641 589 700 belii
604 658 728 702 cessare
743 642 877 717 puellas,

121 752 125 762 ·
210 727 272 786 Nec
288 729 351 786 iera
367 727 496 800 peltatas
512 727 632 800 agmina
647 726 726 784 velie
741 725 845 800 sequi,

169 810 201 870 Si
217 811 283 870 sinc
298 817 394 870 marte
409 809 474 868 suis
489 810 643 884 patiuntur
657 811 786 870 vulnera
798 810 882 883 tetis,

210 894 247 952 Et
262 909 371 954 caecas
387 900 504 952 armant
517 893 548 952 in
564 909 621 954 sua
636 895 697 952 iata
711 900 840 954 manus?

139 989 155 1038 5
169 977 252 1050 Quae
266 977 364 1050 prima
379 977 506 1036 instituit
520 984 643 1036 teneros
660 978 832 1036 convellere
848 978 943 1046 tetus,

209 1059 315 1120 Militia
330 1061 427 1121 iuerat
441 1060 534 1132 digna
549 1060 648 1133 perire
663 1076 729 1121 sua.

168 1136 305 1214 Scilicet,
325 1150 359 1202 ut
374 1149 476 1200 careat
491 1157 634 1214 rugarum
649 1142 775 1201 crimine
791 1149 911 1213 venter,

211 1226 366 1286 Sternetur
380 1240 503 1300 pugnae
517 1224 612 1284 tristis
630 1239 724 1287 arena
738 1232 832 1284 tuae?

168 1309 200 1370 Si
216 1326 283 1370 mos
300 1309 432 1382 antiquis
453 1309 620 1384 placuisset
634 1308 779 1368 matribus
795 1308 891 1380 idem,

86 1422 89 1426 ·
126 1405 158 1456 10
212 1393 294 1453 Gens
308 1393 464 1453 hominum
479 1392 552 1452 vitio
569 1393 742 1467 deperitura
760 1393 829 1452 iuit=

168 1476 287 1550 Quique
302 1477 411 1536 iterum
427 1477 540 1536 iaceret
553 1476 675 1550 generis
689 1476 858 1550 primordia
873 1476 967 1536 nostri

210 1560 243 1618 in
258 1575 357 1619 vacuo
374 1559 493 1633 lapides
509 1559 599 1631 orbe,
614 1560 779 1633 parandus
794 1567 867 1620 erat.

168 1643 241 1716 Quis
255 1641 365 1702 Priami
381 1643 524 1715 fregisset
537 1657 632 1715 opes,
656 1645 682 1702 si
696 1659 967 1718 numenaquarum

209 1727 292 1785 Iusta
306 1732 483 1784 recusasset
496 1726 635 1798 pondera
651 1726 731 1785 ferre
744 1726 868 1786 Thetis?

114 1820 158 1870 ,15
169 1810 225 1868 iiia
239 1809 265 1868 si
278 1808 394 1869 tumido
409 1808 548 1882 geminos
563 1808 593 1868 in
611 1817 715 1868 ventre
732 1819 888 1886 necasset,

146 1939 148 1944 ,
211 1892 344 1952 Casurus
360 1893 502 1952 dominae
517 1892 657 1952 conditor
672 1892 764 1952 Urbis
779 1901 853 1952 erat.

170 1975 202 2036 Si
217 1977 323 2035 Venus
338 1977 465 2036 Aenean
480 1976 608 2050 gravida
623 1984 807 2036 temerasset·
818 1978 848 2038 in
863 1981 948 2040 aiva.

212 2059 396 2120 Caesaribus
413 2061 504 2120 telius
520 2059 595 2120 orba
610 2061 710 2120 futura
725 2061 789 2119 tuit.

167 2143 213 2202 Tu
228 2159 368 2218 quoque,
391 2159 460 2202 cum
476 2159 588 2218 posses
603 2144 689 2203 nasci
705 2145 876 2218 formonsa,
898 2142 1050 2218 perisses,

124 2238 160 2290 20
213 2226 418 2302 Temptasset,
443 2228 525 2301 quud
542 2235 589 2302 tu,
608 2227 634 2286 si
651 2235 702 2286 tna
716 2235 812 2286 mater
827 2244 926 2302 opus„

169 2311 241 2385 Ipse
256 2326 330 2384 ego,
354 2327 422 2371 cum
437 2311 545 2372 fuerim
560 2310 670 2372 melius
686 2311 838 2386 periturus
855 2311 1001 2382 amando,

211 2393 368 2454 Vidissem
385 2395 486 2456 nultos
502 2403 597 2454 matra
612 2401 740 2454 necante
756 2395 832 2454 dies.

170 2477 248 2551 Quid
264 2478 387 2552 plenam
403 2478 527 2538 fraudas
543 2478 635 2537 vitem
651 2478 859 2540 crescentibus
875 2480 959 2551 uvis,

212 2560 367 2634 Pomaque
383 2562 499 2622 crudeli
513 2563 602 2622 vellis
619 2562 730 2622 acerba
745 2570 856 2622 manut

124 2656 160 2706 25
174 2643 289 2719 Sponte
304 2645 402 2706 fluant
414 2654 534 2706 matura
550 2661 616 2705 sua.
647 2645 714 2704 sine
729 2660 869 2705 creseere
883 2653 968 2705 natac

211 2727 267 2788 Est
281 2730 409 2802 pretium
426 2746 539 2805 parvae
554 2745 615 2788 nnn
631 2730 701 2788 iere
715 2729 779 2788 vita
794 2745 907 2788 morae.

169 2813 281 2871 Vestra
297 2814 371 2886 quid
385 2813 518 2874 effoditis
534 2812 680 2872 subiectis
694 2813 817 2872 viscera
831 2814 914 2887 telis,

212 2895 250 2954 Et
264 2897 399 2957 nondum
416 2899 493 2957 natis
510 2898 577 2956 dira
591 2911 711 2956 venena
727 2897 827 2958 datis?

172 2978 316 3038 Colchida
331 2995 507 3055 respersam
523 2997 688 3055 puerorum
703 2983 853 3055 sanguine
869 2983 1007 3056 culpant,

127 3069 164 3121 30
214 3062 306 3136 Aque
321 3079 378 3123 sua
394 3079 517 3124 caesum
531 3073 627 3124 matre
643 3071 810 3140 queruntur
823 3067 902 3143 ltyn.

170 3143 307 3219 Utraque
323 3163 417 3207 saeva
432 3164 554 3221 parens.
581 3150 636 3210 sed
650 3149 787 3209 tristibus
803 3157 931 3224 utraque
947 3149 1050 3208 causis

213 3229 335 3290 lactura
350 3231 427 3291 sccii
442 3232 600 3306 sanguinis
615 3234 679 3294 uita
696 3234 803 3300 virum.

169 3311 282 3384 Dicite,
307 3314 375 3388 quis
390 3314 522 3387 TereuS,
545 3315 615 3389 quis
632 3333 689 3376 vos
705 3317 804 3376 inritet
818 3315 889 3374 Iaso

211 3394 320 3470 Figere
335 3399 465 3458 sollicita
479 3415 612 3473 corpora
628 3407 731 3459 vestra
744 3405 857 3456 manu?

124 3485 160 3538 35
172 3477 239 3538 Hoc
255 3493 357 3554 neque
372 3480 400 3540 in
416 3482 570 3542 Armeniis
585 3483 677 3556 tigres
694 3482 796 3542 iecere
810 3477 950 3539 latebris=
1016 3539 1021 3548 ,
