2488 4006
127 237 168 302 72
299 189 301 194 Ι
513 235 761 297 HEROIDES.
858 287 861 294 ,

211 391 266 450 llic
281 391 369 464 mihi,
392 389 466 463 quid
481 388 555 461 feci,
577 388 636 448 nisi
651 403 711 447 non
730 389 883 462 sapienter
897 390 1019 449 armavit

254 473 384 532 Crimine
399 479 428 532 te
443 473 528 546 potui
543 471 733 531 demeruisse
748 487 827 531 meo.

202 551 311 618 'Unum
326 557 356 616 in
372 571 420 615 me
436 557 539 616 scelus
555 561 618 628 est,
641 554 784 630 quodie,
807 557 968 630 scelerate,
991 557 1105 631 recept

168 651 203 704 30
257 639 320 700 Sed
335 641 437 700 scelus
452 639 512 698 hoc
527 638 625 697 meriti
639 638 764 711 pondus
779 646 809 699 et
822 641 918 698 instar
932 639 1033 699 habet.
1172 643 1175 659 '

211 724 296 797 lura,
318 723 397 783 fides
415 723 467 782 ubi
485 737 582 794 nunc,
605 723 832 797 commissaque
847 723 974 782 dextera
988 724 1130 798 dextrae,

254 807 372 882 Quique
387 813 451 866 erat
466 807 496 863 in
513 806 590 864 falso
608 805 755 879 plurimus
772 822 825 865 ore
841 806 941 866 deust

210 890 385 950 Promissus
403 890 506 949 socios
519 887 574 947 ubi
590 903 670 947 nuno
687 889 885 965 Hymenaeus
899 891 931 948 fn
946 906 1055 964 annue,

254 972 309 1047 Qui
327 973 400 1032 milri
414 970 549 1045 coniugii
565 987 699 1045 sponsor
714 981 744 1032 et
761 973 854 1031 obses
870 981 954 1032 erati

86 1110 98 1132 ,
168 1067 201 1120 35
213 1056 270 1115 Per
284 1072 381 1129 mare,
405 1056 489 1131 quod
504 1061 600 1115 totum
616 1055 714 1114 ventis
729 1056 859 1129 agitatur
874 1063 904 1116 et
917 1058 1018 1133 undis,

140 1189 143 1197 ,
252 1140 310 1199 Per
327 1141 411 1214 quod
427 1154 522 1220 saepe
532 1139 634 1212 ieras,
647 1153 704 1212 per
719 1140 802 1212 quod
817 1141 914 1199 iturus
930 1155 1008 1214 eros,

211 1223 332 1297 Perque
346 1229 431 1282 tuum
450 1221 522 1280 mihi
537 1221 658 1296 iurasti,
680 1222 739 1281 nisi
755 1223 844 1282 fictus
860 1231 889 1283 et
904 1224 954 1283 ille
968 1231 1025 1298 est,

255 1306 380 1366 Concita
395 1306 447 1380 qui
463 1306 561 1364 ventis
577 1320 713 1379 aequora
728 1308 854 1379 mulcet,
877 1323 977 1381 avum,

211 1389 268 1448 Per
282 1390 436 1449 Venerem
451 1389 639 1462 nimiumque
653 1388 725 1447 mihi
742 1389 884 1449 facientia
897 1391 966 1464 tela,
1069 1462 1072 1467 Δ

169 1483 204 1538 40
256 1473 361 1532 Altera
375 1473 435 1532 tela
449 1487 555 1546 arcus,
577 1473 671 1530 altera
685 1474 745 1531 tela
761 1473 854 1546 faces,

213 1557 438 1631 Iunonemque,
458 1555 534 1615 toris
552 1571 631 1630 quae
646 1555 801 1629 praesidet
816 1557 895 1615 alma
910 1555 1035 1632 maritis,

254 1639 292 1699 Et
305 1655 362 1714 per
377 1639 544 1700 taediferae
559 1639 690 1714 mystica
704 1654 794 1698 seem
809 1639 897 1699 deae.

213 1723 245 1784 Si
262 1723 302 1782 de
316 1731 361 1782 tot
373 1722 467 1782 laesis
483 1738 541 1782 sua
553 1723 678 1781 numina
693 1723 824 1798 quisque
840 1723 967 1783 deorum
994 1733 995 1738 ’

252 1807 409 1880 Vindicet,
432 1808 462 1864 in
477 1821 596 1880 poenas
608 1823 672 1866 non
688 1807 763 1865 satis
778 1822 858 1864 unus
875 1808 946 1866 eris.

168 1900 202 1952 45
212 1891 253 1949 At
267 1893 385 1949 laceras
403 1889 492 1948 etiam
510 1905 631 1963 puppes
645 1889 763 1950 furiosa
777 1889 880 1963 refeci,

253 1974 307 2047 Ut,
331 1990 392 2050 qua
407 1972 581 2047 desererer,
603 1973 690 2032 firma
703 1971 810 2032 'carina
825 1973 917 2031 foret:

210 2057 443 2132 Remigiumque
461 2056 549 2129 dedi,
574 2071 633 2130 quo
652 2071 700 2114 me
716 2057 866 2130 fugiturus
882 2055 992 2116 abires.

252 2140 335 2214 Heu,
356 2141 457 2215 patior
470 2139 538 2200 telis
556 2141 683 2199 vulnera
697 2141 778 2198 facta
792 2141 884 2198 meist
932 2157 934 2160 ·

212 2223 403 2284 Credidimus
420 2224 558 2296 blandis,
582 2238 712 2297 quorum
727 2223 781 2282 tibi
798 2223 904 2296 copia,
926 2221 1048 2282 verbise

168 2319 202 2369 50
255 2308 444 2366 Credidimus
461 2306 565 2381 generi
581 2306 818 2381 numinibusque
834 2306 908 2366 tuis:

211 2390 401 2450 Credidimus
417 2390 558 2449 lacrimis.
578 2403 619 2448 ¹an
636 2398 664 2448 et
678 2390 737 2448 hae
752 2390 883 2448 similare
901 2391 1069 2448 ducentur?

218 2538 220 2542 ,
242 2473 316 2534 ,Hae
333 2489 456 2548 quoque
470 2472 583 2531 habent
598 2479 694 2546 artes,
705 2487 836 2547 quaque
850 2472 1004 2546 iubentur,
1023 2478 1121 2532 eunt?

209 2557 265 2614 Dis
281 2571 405 2630 quoque
419 2555 614 2615 credidimus.
649 2555 714 2628 Quo
731 2556 788 2615 iam
806 2562 850 2616 tot
863 2556 992 2630 pignora
1006 2555 1122 2616 nobis?

247 2638 342 2698 'Parte
356 2627 430 2700 sa'tis
446 2638 531 2712 potui
547 2637 680 2713 qualibet
694 2638 767 2697 inde
784 2640 863 2713 capi.

169 2733 202 2784 55
214 2721 275 2781 Nec
290 2738 432 2796 moveor,
456 2721 540 2797 quod
555 2728 584 2781 te
600 2723 662 2780 iuvi
677 2729 829 2796 portuque
843 2723 984 2797 locoque.

250 2804 360 2865 Debuit
374 2806 451 2864 haec
466 2805 563 2864 meriti
581 2820 699 2865 summa
714 2806 813 2865 fuisse
829 2805 904 2864 mei!

208 2888 346 2961 Turpiter
363 2888 528 2962 hospitium
544 2890 622 2949 lecto
639 2888 812 2948 cumulasse
826 2889 919 2962 iugali

249 2971 400 3045 Paenitet,
423 2977 453 3030 et
470 2973 555 3031 lateri
571 2972 767 3032 conseruisse
782 2973 871 3031 latus.

209 3053 293 3126 Quae
308 3055 363 3113 fuit
378 3061 447 3114 ante
462 3054 557 3128 illem,
577 3057 697 3115 mallem
712 3060 856 3130 suprema
870 3056 980 3115 fuisset

166 3147 200 3200 60
251 3137 320 3197 Nox
335 3137 423 3213 mihi,
446 3139 517 3197 dum
532 3140 618 3213 potui
635 3138 751 3217 Phyllis
767 3139 898 3199 honesta
906 3136 1000 3200 mori.

209 3220 337 3294 Speravi
353 3221 475 3297 melius,
498 3223 569 3296 quia
583 3223 773 3283 demeruisse
790 3223 905 3297 putavi.

251 3304 466 3380 Quaecumque
481 3321 519 3364 ex
534 3307 639 3367 merito
656 3323 729 3380 spes
746 3307 841 3380 venit,
864 3321 964 3380 aequa
977 3303 1073 3364 venit.

206 3387 324 3447 Fallere
339 3388 513 3449 credentem
526 3404 588 3448 non
604 3396 652 3449 est
666 3405 799 3464 operosa
812 3391 945 3464 puellam

251 3471 363 3532 Gloria.
387 3473 564 3546 simplicitas
580 3473 673 3548 digna
690 3473 795 3534 lavore
813 3475 875 3548 fuit.
