2472 4010
435 301 513 377 1,o‚
528 299 738 381 cla-flac.

132 453 242 515 aluno
257 467 315 526 ego
331 454 380 512 vel
396 467 486 512 caros
502 454 584 529 potui
600 454 715 513 violare
728 459 885 526 parentes,

204 535 305 595 Saeva
320 537 371 595 vel
382 535 415 596 in
431 545 555 597 sanctos
572 536 700 597 verbera
716 536 794 594 ferre
810 535 898 595 deos.

161 621 255 696 Quid,
276 635 338 679 non
354 627 383 679 et
398 621 488 695 clipei
503 621 646 681 dominus
662 617 871 695 septemplicis
886 620 966 678 Aiax

205 703 319 764 Stravit
335 703 508 778 deprensos
526 707 586 764 lata
603 720 658 779 per
675 719 749 763 arva
763 717 888 777 greges,

104 817 106 822 ·
159 787 199 848 Et
212 787 326 848 vindex
341 789 370 846 in
387 795 496 861 matre,
520 789 616 863 patris
631 790 729 847 malus
744 789 824 846 ultor
841 785 965 847 Orestes

118 882 153 934 10
203 873 311 932 Ausus
328 873 356 930 in
377 887 506 932 arcanas
521 887 651 947 poscere
666 873 727 932 tela
744 871 841 930 deest

160 956 242 1030 Ergo
259 970 317 1030 ego
333 955 470 1028 digestos
486 957 571 1030 potui
588 956 702 1014 laniare
720 955 901 1030 capillost..

202 1038 265 1096 Nec
280 1039 434 1096 dominam
450 1045 550 1098 motae
567 1039 741 1098 dedecuere
756 1052 872 1096 comae.

162 1121 214 1182 Sic
231 1121 450 1195 formosarum,
474 1123 563 1182 talem
580 1121 775 1180 Schoeneida
788 1121 887 1180 dicam

188 1203 368 1284 ‘Maenalias
383 1219 457 1263 arcu
471 1205 654 1264 sollicitasse
669 1206 760 1262 ieras.

120 1301 151 1350 15
162 1288 243 1347 Talis
261 1287 372 1362 periuri
389 1290 604 1362 promissaque
619 1289 750 1361 velaque
764 1285 873 1345 llresei

202 1371 299 1432 Flevit
314 1367 496 1446 praecipites
512 1372 624 1431 Cressa
640 1371 747 1432 tulisse
762 1376 862 1429 notos.

70 1451 74 1458 ’
161 1454 228 1526 Sic,
251 1455 310 1514 nisi
325 1455 440 1526 vittatis
457 1456 622 1530 quoderat
640 1454 813 1515 Cassandra
829 1453 962 1528 capillis

203 1538 365 1598 Procubuit
380 1541 509 1614 templo,
533 1545 619 1598 caste
632 1539 784 1609 Minerva,
805 1543 867 1596 tuo.
955 1539 1093 1616 [dixitt..

161 1622 235 1696 Quis
259 1622 331 1681 mihi
360 1639 422 1682 non
448 1625 616 1682 ‘demenst'
645 1624 713 1697 quis
738 1636 799 1680 non
826 1621 898 1679 milri
922 1622 1092 1682 ‘barbaret’

119 1715 161 1780 Ἆοκ
205 1705 278 1780 lpse
292 1705 375 1764 nihil.
413 1701 526 1781 pavido
543 1713 590 1766 est
604 1706 706 1779 lingua
724 1712 839 1764 retenta
854 1712 944 1764 metu.

162 1787 222 1856 Sed
241 1789 323 1848 taciti
338 1789 439 1850 iecere
450 1795 554 1848 tamen
570 1790 711 1848 convicia
727 1790 845 1848 vultus=

202 1872 274 1948 Egit
287 1888 336 1932 me
350 1873 483 1934 lacrimis
499 1889 553 1933 ore
569 1873 676 1932 silente
691 1888 786 1932 reum.

161 1959 239 2016 Ante
255 1973 342 2017 meos
357 1957 491 2018 humeris
505 1957 616 2016 vellem
633 1955 784 2016 cecidisse
798 1955 947 2016 lacertos=
998 1997 1000 2001 .

203 2039 319 2100 Utiliter
335 2041 419 2115 potui
435 2049 520 2116 parte
536 2055 642 2100 carere
656 2040 724 2098 mei.

119 2133 152 2186 25
165 2126 199 2206 ln
216 2140 282 2183 mee
297 2139 453 2184 vaesanas
472 2124 564 2182 habui
580 2122 742 2199 dispendia
756 2121 854 2193 vires,

203 2208 239 2267 Et
253 2209 335 2268 valui
352 2224 483 2284 poenam
500 2208 586 2267 lortls
602 2207 632 2266 in
648 2208 716 2282 ipse
730 2222 839 2265 meam.

162 2292 238 2365 Quid
256 2291 328 2350 mihi
343 2293 518 2363 vobiscum,
543 2291 648 2350 caedis
664 2291 876 2364 scelerumque
890 2289 1066 2349 ministrae?

137 2437 142 2447 ,
202 2375 311 2436 Debita
325 2377 493 2450 sacrilegae
507 2375 608 2433 vincla
623 2375 721 2434 subite
736 2381 859 2432 manus!

161 2459 224 2527 An,
246 2459 272 2518 si
288 2459 462 2534 pulsassem
476 2458 630 2518 minimum
648 2458 687 2517 de
703 2456 793 2532 plebe
808 2457 965 2530 Quiritem,

117 2550 153 2603 30
204 2542 368 2617 Plecterer,
392 2544 422 2606 in
439 2543 593 2603 dominam
610 2544 658 2602 ius
673 2542 744 2599 mihi
762 2541 860 2600 maius
877 2542 954 2600 erit?

158 2625 297 2686 Pessima
310 2627 445 2704 Tydides
462 2628 610 2686 scelerum
626 2625 810 2688 monimenta
824 2623 953 2697 reliquit.
1038 2671 1054 2684 .

203 2710 256 2768 llle
272 2710 360 2770 deam
376 2711 491 2785 primus
507 2711 645 2785 perculit.
672 2709 747 2768 alter
765 2723 833 2781 ego.

159 2788 196 2852 Et
209 2793 309 2854 minus
325 2794 375 2854 ille
390 2811 517 2854 nocens.
546 2794 619 2852 mihi
636 2809 726 2867 quem
742 2791 909 2866 profitebar
924 2807 1040 2864 amaro,

193 2877 292 2936 Laesa
307 2885 369 2938 est:
387 2877 522 2954 lydides
541 2893 653 2937 saevus
672 2878 702 2935 in
717 2876 806 2935 hoste
822 2875 884 2933 luit.

115 2960 176 3020 eet
191 2976 287 3033 nunc,
310 2962 491 3034 magnificos
506 2963 604 3021 victor
618 2959 724 3019 molire
739 2958 924 3035 triumphoS‚

201 3044 294 3118 Cinge
310 3061 428 3104 comem
446 3048 546 3119 lauro,
565 3051 698 3119 votaque
712 3044 808 3102 redde
823 3043 897 3101 lovi.

159 3126 305 3201 Quaeque
319 3135 390 3188 tuos
406 3144 512 3188 currus
529 3129 688 3189 comitatus
703 3128 791 3186 turba
806 3132 965 3202 sequetur,

201 3210 315 3271 Clamet
330 3213 372 3271 ‘io
389 3213 458 3272 lorti
473 3213 554 3272 victa
569 3213 670 3287 puella
684 3211 750 3270 viro
766 3217 813 3271 est
821 3214 840 3268 t’

157 3294 237 3354 Ante
252 3303 301 3354 eat
315 3295 415 3356 effuso
432 3295 525 3356 tristis
541 3297 662 3371 captiva
678 3295 805 3369 capillo;

111 3386 149 3460 40
204 3377 236 3437 Si
252 3381 387 3439 sinerent
402 3381 522 3452 laesae,
547 3379 769 3448 candidatam,
791 3391 897 3450 genae.

155 3461 267 3537 Aptius
283 3463 434 3538 inpressis
449 3463 546 3522 luerat
560 3464 655 3522 livere
670 3460 804 3531 labellis,

197 3545 238 3606 Et
251 3547 331 3606 collo
345 3546 451 3606 blandi
466 3547 566 3606 dentis
582 3545 696 3604 habere
710 3549 822 3602 notam.
