2498 4008
474 237 516 310 11,
537 232 736 299 aso-lar.
829 177 843 218 ³

223 388 289 448 Non
303 403 365 447 uno
381 395 428 464 est
442 388 540 448 omnis
556 386 768 448 convenienda
781 388 862 448 loeo.

120 479 170 535 395
180 471 219 531 Et
232 471 373 545 quotiens
389 472 522 543 scribes,
541 477 621 531 totas
638 471 724 545 prius
739 470 808 545 ipse
826 470 953 530 tabellas

222 554 355 629 Inspice.
377 555 447 628 plus
464 555 590 627 multae,
609 569 700 628 quam
715 552 898 626 sibimissa,
920 555 1034 628 legunt
1145 577 1150 648 j

180 638 280 698 Laesa
293 639 399 697 Venus
414 637 494 698 iusta
508 652 592 696 arma
605 645 722 710 movet,
741 638 896 711 telumque
911 637 1042 716 remittit,

222 721 274 796 Et,
294 721 385 780 modo
403 721 486 795 quod
502 728 612 796 questa
625 727 686 794 est,
710 720 779 796 ipse
794 735 938 796 querare,
958 719 1040 782 lacit.

179 805 258 864 Dum
274 803 328 863 fuit
341 803 464 864 Atrides
476 820 541 865 una
555 811 730 878 contentus,
751 809 781 864 et
794 803 846 862 illa

117 895 173 949 400
223 887 314 947 Casta
327 887 391 947 luit.
412 887 486 948 vitio
501 894 549 949 est
564 886 704 964 improba
717 888 798 948 laeta
813 887 878 946 viri.

182 971 328 1032 Audierat
341 971 520 1044 laurumque
534 987 628 1032 manu
640 972 793 1046 vittasque
807 970 954 1032 terentem

221 1054 279 1113 Pro
297 1060 368 1112 nata
382 1054 520 1131 Chrysen
537 1070 599 1114 non
612 1055 748 1114 valuisse
763 1069 833 1113 sua:

182 1136 340 1206 Audierat,
360 1136 504 1210 Lyrnesi,
524 1144 611 1209 tuos,
634 1138 780 1208 abducta,
802 1135 935 1211 dolores,

223 1219 367 1291 Bellaque
383 1233 440 1293 per
452 1221 550 1295 turpis
565 1219 685 1293 longius
700 1221 765 1279 isse
779 1233 894 1278 moras.

115 1309 169 1366 loo
181 1301 261 1362 Haec
277 1307 378 1364 tamen
393 1302 539 1364 audierat.
570 1301 740 1362 Priameida
754 1300 872 1361 viderat
887 1302 1000 1376 ipsam=

225 1387 329 1446 Victor
344 1393 410 1446 erat
423 1387 556 1462 praedae
571 1385 687 1461 praeda
701 1384 848 1468 pudenda
862 1400 946 1444 suae.
980 1389 982 1394 ’

183 1470 256 1530 Inde
270 1469 476 1546 Thyestiaden
491 1471 591 1531 animo
606 1469 800 1544 thalamoque
814 1469 940 1543 recepit,

223 1553 261 1612 Et
274 1554 352 1611 male
367 1559 544 1628 peccantem
558 1552 710 1630 Tyndaris
728 1552 791 1613 ulta
805 1553 911 1612 virum.

183 1635 266 1708 Quae
282 1634 361 1694 bene
376 1636 499 1708 colaris,
519 1636 627 1709 siquae
643 1643 744 1696 tamen
758 1640 826 1696 aeta
840 1634 995 1711 patebunt,

116 1726 170 1780 410
220 1718 290 1790 Illa,
309 1718 380 1778 lieet
394 1723 531 1792 pateant,
552 1725 585 1779 tu
601 1725 702 1778 tamen
716 1734 815 1793 usque
829 1734 917 1794 nega.
941 1757 945 1763 -

181 1803 255 1861 Tum
270 1817 368 1876 neque
384 1800 553 1875 subiectus,
577 1801 668 1862 solito
683 1816 740 1860 nee
754 1801 895 1862 blandior
909 1809 993 1864 estoe

223 1883 306 1943 Haeo
320 1885 411 1944 animi
425 1885 550 1945 multum
565 1885 653 1960 signa
666 1884 804 1944 nocentis
821 1884 948 1945 habent:

184 1967 247 2028 Sed
264 1969 347 2027 lateri
363 1983 402 2028 ne
418 1983 510 2044 parce
524 1965 587 2028 tuo.
608 1983 672 2043 pax
688 1966 792 2028 omnis,
803 1965 833 2027 in
849 1982 910 2028 uno
1029 2001 1031 2006 ·

224 2051 399 2112 Concubitu.
421 2052 503 2125 prior
516 2060 564 2112 est
577 2051 734 2111 infitianda
747 2066 856 2112 venue.

113 2141 169 2194 415
180 2132 268 2208 Sunt,
292 2135 344 2208 qui
359 2135 547 2210 praecipiant
559 2133 686 2209 herbas,
706 2134 853 2209 satureia,
874 2134 1013 2198 nocentis

224 2216 359 2277 Sumere.
381 2218 500 2278 iudiciis
516 2219 574 2278 isla
587 2231 706 2277 venena
724 2218 810 2278 meis.

180 2300 245 2360 Aut
256 2300 344 2374 piper
356 2301 471 2363 urtioae
486 2301 639 2363 mordacis
657 2302 774 2362 semine
786 2301 923 2374 miscent,

222 2384 364 2458 Tritaque
378 2385 409 2444 in
423 2399 541 2446 annoso
557 2383 641 2450 flava
654 2385 800 2460 pyrethra
813 2399 907 2446 mero.

181 2464 244 2525 Sed
260 2467 318 2526 dea
332 2484 394 2528 non
407 2468 520 2543 patitur
534 2469 578 2528 sio
592 2469 632 2528 ad
648 2483 704 2528 sua
718 2469 829 2544 gaudia
843 2467 922 2542 cogi,

113 2556 169 2610 420
222 2549 304 2609 Colle
319 2550 375 2610 sub
391 2551 536 2612 umbroso
551 2568 643 2626 quam
655 2559 737 2612 tenet
751 2552 829 2614 altus
841 2552 935 2626 Eryx.

181 2632 351 2708 CandiduS,
371 2635 512 2697 Alcathoi
529 2636 581 2711 qui
595 2636 717 2696 mittitur
730 2635 805 2694 urbe
818 2633 954 2707 Pelasga,

221 2715 353 2790 Bulbus,
376 2725 419 2791 et,
440 2733 479 2778 ex
491 2719 580 2780 horto
597 2727 675 2794 quae
689 2718 772 2779 venit
786 2716 881 2778 herba
895 2719 991 2792 salax,

180 2796 307 2874 Ovaque
322 2807 492 2875 sumantur,
513 2810 670 2864 sumantur
681 2801 833 2880 Hymettia
847 2801 945 2874 mella,

222 2882 366 2958 Quasque
379 2885 445 2944 tulit
462 2886 534 2946 lolio
550 2886 641 2961 pinus
656 2893 745 2948 acula
759 2899 865 2946 nunes.

111 2971 166 3025 425
176 2963 285 3038 Docta,
309 2967 382 3041 quid
397 2968 437 3028 ad
450 2970 603 3044 magicas,
623 2970 731 3042 Erato,
754 2966 922 3030 deverteris
937 2975 1039 3030 artest

219 3048 346 3108 Interior
361 3065 451 3111 curru
465 3060 545 3113 meta
557 3053 684 3113 terenda
699 3067 767 3114 meo
782 3057 838 3112 est.

179 3130 234 3204 Qui
247 3133 339 3192 modo
354 3132 477 3194 celabas
492 3136 606 3196 monitu
620 3143 671 3196 tua
686 3136 811 3197 erimina
824 3141 940 3211 nostro,

219 3213 320 3274 Flecte
337 3216 407 3291 iter,
429 3224 459 3278 et
471 3219 588 3280 monitu
602 3219 712 3296 detege
725 3221 804 3281 turta
817 3234 897 3279 meo.

177 3296 239 3357 Nee
253 3298 362 3360 levitas
378 3302 532 3377 culpanda
544 3319 614 3363 mea
627 3311 685 3364 est.
707 3319 769 3364 non
784 3317 906 3378 semper
917 3301 1030 3372 eodem
1137 3315 1147 3370 l

109 3387 165 3440 430
218 3380 382 3456 Impositos
398 3391 488 3444 vento
504 3388 608 3461 panda
622 3386 725 3448 carina
738 3385 829 3446 vehit.

176 3462 249 3524 Nam
265 3466 357 3527 modo
372 3467 510 3531 Threicio
524 3469 633 3544 borea,
658 3469 751 3530 modo
767 3466 913 3530 currimus
930 3484 1013 3544 euro,
