2488 4006
256 237 352 334 xllll
371 235 751 297 HYPERMNESTRA
771 235 813 298 34
826 271 863 282 -·
878 235 949 298 109.
1055 239 1117 304 125

220 389 410 463 Expulerunt
428 403 555 447 somnos
570 387 647 448 haee
663 404 732 448 mea
746 389 827 450 dicta
842 397 912 451 tuos

181 471 292 546 ‘Surge
308 487 379 546 ege,
399 472 521 546 Belide,
544 473 582 531 de
597 479 641 532 tot
657 473 748 532 modo
765 474 907 534 fratribus
922 482 1017 537 unus!

220 555 289 615 Nox
303 555 370 627 tibi,
394 556 425 614 ni
441 571 603 631 properas,
613 587 614 590 κ
625 557 684 616 ista
699 557 842 630 perennis
858 559 937 616 erit!

134 643 170 700 is
181 641 315 700 Territus
332 640 483 714 exsurgis.
506 640 693 714 lugitemnis
709 640 817 700 inertie
831 643 942 702 somni.

220 723 346 798 Aspicis
362 723 393 783 in
407 723 512 783 timida
527 724 615 784 lortie
629 725 690 784 tele
705 740 808 784 manu.

180 805 341 878 Quaerenti
356 823 481 866 causum
495 807 581 868 ‘dum
596 823 659 866 nox
673 808 759 880 sinit,
780 807 893 882 effuge’
910 807 988 868 dixi:

223 892 314 950 ‘Dum
329 894 392 950 nox
406 897 471 950 atra
487 891 571 963 sinit,
591 898 623 950 tu
639 892 735 966 iugis,
757 893 827 966 ipse
837 895 963 952 moror?

178 973 269 1033 Mene
282 982 360 1046 erat,
383 982 413 1034 el
428 975 552 1035 sunaus
567 989 699 1048 generos
715 991 754 1034 ex
769 976 865 1034 caede
883 976 1011 1038 iacentis

135 1063 171 1118 80
224 1057 409 1117 Dinumeret
432 1071 569 1118 summae
584 1059 717 1118 criminis
732 1075 812 1118 unus
829 1059 914 1119 abes.

178 1139 248 1200 Fert
264 1141 344 1198 male
359 1147 507 1214 cognatae
519 1141 666 1199 iacturam
682 1142 788 1201 mortis
804 1142 833 1199 in
850 1158 920 1214 000,
987 1216 989 1219 ¹

105 1241 111 1252 ·
220 1223 258 1281 Et
272 1223 408 1296 queritur
420 1223 492 1282 facti
508 1223 665 1297 sanguinis
680 1239 755 1282 esse
770 1240 887 1298 parum.

179 1305 350 1366 Abstrahor
364 1324 383 1366 a
396 1307 502 1382 patriis
518 1307 664 1382 pedibus,
687 1314 868 1384 raptamque
883 1307 1033 1382 capillis...

221 1390 304 1449 Haec
320 1392 429 1472 meruit
443 1392 542 1476 pietas
559 1392 725 1466 praemia...
742 1391 963 1454 earoerhabet.

135 1473 306 1535 itascilicet
320 1489 360 1532 ex
375 1475 426 1534 illo
441 1475 569 1535 Iunonia
586 1477 810 1550 permanetis,

223 1559 287 1631 Quo
302 1557 360 1616 bos
374 1573 414 1617 ex
427 1557 550 1619 bomine
565 1567 627 1632 est,
648 1576 688 1618 ex
705 1561 784 1619 bove
799 1559 879 1620 lecta
895 1559 962 1618 deu.

179 1642 220 1700 At
235 1641 310 1701 satis
327 1649 374 1701 est
389 1657 508 1716 poenae
519 1647 655 1702 teneram
669 1643 806 1716 mugisse
822 1644 962 1718 puellam,

220 1725 297 1795 Nec,
321 1726 413 1784 modo
427 1727 631 1799 formonsum,
652 1720 748 1800 posse
763 1729 884 1800 placere
899 1727 973 1788 levi.

178 1808 305 1867 Adstitit
319 1809 349 1867 in
363 1811 431 1885 ripa
445 1809 552 1883 liquidi
566 1824 649 1868 nova
663 1825 759 1869 vacca
773 1811 916 1884 parentis,

135 1899 171 1953 90
224 1888 407 1968 Cornuaque
421 1893 452 1952 in
467 1893 573 1968 patriis
589 1909 650 1952 non
665 1909 723 1954 sua
738 1893 813 1953 vidit
826 1895 930 1968 aquisz

179 1976 359 2050 Conatoque
374 1978 459 2052 queri
472 1977 604 2050 mugitus
620 1976 715 2036 edidit
728 1993 792 2048 ore,
888 2033 891 2036 .
924 1985 926 1992 “

220 2061 397 2134 Territaque
413 2067 460 2120 est
474 2062 587 2131 forme,
610 2060 715 2120 territa
729 2076 807 2120 voce
822 2077 887 2120 sua.

179 2143 256 2216 Quid
271 2143 363 2218 iuris,
387 2144 513 2204 infelix?
536 2143 608 2218 quid
619 2151 653 2203 te
667 2145 785 2203 mireris
801 2145 830 2204 in
846 2145 974 2206 umbrel

221 2227 300 2299 Quid
313 2243 456 2288 numeres
472 2229 570 2288 lectos
586 2228 627 2286 ud
640 2243 722 2286 nova
737 2228 873 2289 membra
887 2229 1005 2304 pedes?

135 2317 170 2371 95
181 2310 235 2369 Ille
250 2311 332 2370 lovis
347 2314 449 2386 magni
462 2312 555 2386 pelex
569 2312 731 2372 metuende
747 2313 854 2382 sorori,

220 2394 341 2454 Fronde
358 2396 443 2454 levas
459 2395 582 2458 nimiam
599 2394 849 2468 caespitibusque
864 2396 987 2454 latrem:

177 2477 273 2537 Fonte
289 2477 382 2550 bibis
405 2487 590 2554 spectasque
605 2485 686 2538 tuam
702 2479 872 2552 stupefacta
887 2479 1024 2553 figuram,

220 2561 272 2634 Et,
293 2569 324 2620 te
339 2578 378 2620 ne
392 2563 501 2622 feriant
516 2579 595 2637 quae
610 2562 697 2636 ger-is
707 2577 805 2635 arma,
824 2563 923 2621 dures.

179 2644 325 2719 Quaeque
340 2647 448 2719 modo,
469 2654 501 2707 ul
516 2661 628 2720 posses
644 2646 734 2706 etiam
749 2647 822 2704 love
836 2645 929 2718 digna
943 2645 1049 2718 videri,

114 2739 166 2790 100
218 2729 313 2788 Dives
329 2745 413 2804 erae,
435 2731 517 2792 nude
532 2730 615 2790 nuda
628 2729 781 2788 recumbis
797 2729 900 2788 humo.

177 2811 235 2870 Per
251 2829 349 2884 mere,
375 2829 430 2888 per
444 2821 539 2874 terres
555 2820 750 2887 cognataque
765 2811 891 2872 ilumine
905 2812 1018 2872 curris:

220 2898 278 2956 Dat
293 2889 391 2971 mere,
415 2898 487 2957 dant
502 2913 623 2969 amneS,
646 2898 698 2956 det
713 2895 765 2954 tibi
783 2903 863 2954 terra
880 2897 968 2954 viem.

178 2979 261 3052 Quae
274 2980 327 3040 tibi
339 2997 433 3040 cause
444 2982 557 3055 fugae?
587 2980 679 3053 Quid,
696 2981 744 3052 lo,
760 2979 836 3038 lrete
849 2981 940 3054 longe
951 2987 1113 3055 pererrest

219 3064 285 3123 Non
302 3065 416 3140 poteris
431 3066 531 3124 vultus
549 3064 684 3138 effugere
701 3065 770 3138 ipse
786 3069 865 3122 tuos.

114 3147 295 3218 1051000ὴί,
320 3163 380 3221 quo
396 3155 567 3223 properus?
585 3149 695 3207 cadero
710 3147 912 3221 sequerisque
927 3146 1084 3222 iugisque:

219 3233 262 3290 Tu
278 3231 331 3292 libi
347 3233 409 3292 dux
425 3234 541 3303 comiti,
565 3239 596 3292 tu
611 3247 716 3292 comes
733 3233 802 3305 ipsu
818 3231 898 3290 duci.

176 3313 239 3372 Per·
248 3324 366 3388 septem
380 3316 464 3375 Nilus
479 3323 587 3392 portus
603 3317 734 3374 emissus
749 3316 778 3373 in
794 3329 912 3386 aequor

218 3397 311 3458 Exuit
325 3400 451 3460 insanae
467 3401 573 3474 pelicis
589 3417 644 3459 ora
656 3398 757 3458 bovis.

177 3481 288 3540 Ultima
304 3484 377 3558 quid
392 3485 546 3557 referam·
558 3481 772 3558 quorummihi
788 3495 864 3540 cane
880 3485 1022 3538 senectus
