2472 4010
538 179 740 241 AMORUM

259 335 355 395 Omne
372 333 489 392 lucrum
504 333 640 393 tenebris
657 333 716 392 alta
731 331 890 408 premebat
903 333 1031 396 humus:

214 421 358 494 Aeraque
376 423 406 477 et
419 425 591 492 argentum,
616 433 748 492 eumque
763 433 837 477 auro
854 417 996 492 pondere
1011 419 1084 480 ferri

103 560 111 574 ,
257 500 397 561 Manibus
417 500 571 572 admorat,
595 502 740 575 nullaque
757 515 861 560 massa
876 501 941 560 suit.

213 587 254 656 At
269 586 395 646 meliora
410 584 518 658 dabat,
542 601 637 646 curvo
654 585 721 644 sine
737 599 862 644 vomere
877 585 998 661 fruges,
1011 624 1015 629 -

171 679 206 733 40
258 668 429 742 Pomaque,
454 676 484 728 et
497 669 527 728 in
544 683 659 743 quercu
675 668 765 728 mella
779 675 903 742 reperta
918 684 1004 728 cava.

213 755 275 814 Nec
293 752 396 812 valido
414 753 577 826 quisquam
592 758 701 812 terram
720 750 879 812 scindebat
894 759 1011 824 aratro,

255 835 404 910 Signabat
418 836 501 895 nullo
516 836 610 895 limite
626 851 752 896 mensor
765 835 906 897 humum:

211 920 279 981 Non
296 920 372 978 treta
387 919 524 980 demisso
542 917 706 979 verrebant
722 925 809 978 eruta
824 935 928 980 remo:

253 1004 363 1064 Ultima
381 1001 501 1062 mortali
516 1010 579 1062 tum
595 1002 646 1060 via
662 1003 733 1063 litus
749 1009 823 1062 erat.
843 1039 845 1044 .

169 1099 203 1151 45
215 1088 326 1150 Contra
342 1093 371 1146 te
389 1089 515 1160 sollers,
537 1085 692 1146 hominum
710 1092 831 1160 natura,
854 1087 950 1161 luisti,

217 1183 222 1194 “
253 1172 290 1231 Et
305 1171 428 1230 nimium
446 1170 565 1230 damnis
582 1169 744 1244 ingentesa
760 1169 831 1231 tuis.

212 1255 277 1329 Quo
293 1255 362 1326 tibi,
386 1254 500 1314 turritis
516 1254 672 1328 incingere
688 1253 849 1314 moenibus
868 1255 983 1315 urbest

254 1339 320 1412 Quo
334 1337 402 1410 tibi,
425 1337 589 1398 discordes
604 1339 719 1397 addere
734 1338 863 1397 inerma
879 1347 1009 1400 manus?

212 1423 289 1496 Quid
305 1421 358 1481 libi
377 1437 444 1480 cum
463 1422 597 1496 pelago?
617 1421 709 1480 Terra
727 1429 872 1482 contenta
889 1423 1013 1483 luisses.

71 1537 74 1545 ·
169 1517 204 1568 50
259 1506 318 1565 Cur
332 1522 393 1566 non
410 1514 441 1565 et
457 1507 590 1576 caelum,
616 1506 704 1564 tertia
718 1521 829 1580 regna,
854 1506 957 1581 petis?

211 1590 277 1663 Qua
291 1590 375 1663 licet,
404 1589 541 1648 adlectus
557 1588 674 1648 caelum
693 1605 828 1663 quoque.
863 1593 977 1664 templa
993 1591 1149 1666 Quirinus,

251 1673 343 1754 Liber
360 1680 390 1736 et
402 1673 528 1732 Alcides
545 1679 576 1732 et
592 1673 685 1732 modo
702 1671 817 1732 Caesar
829 1672 951 1732 habent.

209 1755 350 1816 Eruimus
366 1765 445 1818 terra
463 1756 596 1816 solidum
609 1773 671 1831 pro
688 1757 826 1830 frugibus
843 1774 958 1816 aurum.
1052 1797 1054 1802 ·

251 1841 395 1902 Possidet
409 1840 549 1900 inventas
565 1839 714 1916 sanguine
729 1841 817 1900 miles
834 1857 921 1915 opes.

167 1933 201 1987 55
214 1924 302 1984 Curia
319 1923 508 2000 pauperibus
526 1925 633 1984 clausa
648 1930 705 1984 est.
740 1925 791 1982 dat
807 1940 920 1986 census
937 1924 1088 1986 honorem

252 2008 327 2068 lnde
343 2009 445 2083 gravis
462 2008 571 2080 iudex,
595 2008 668 2068 inde
684 2023 813 2068 severus
830 2024 937 2083 eques.
1043 2037 1046 2042 Δ

211 2091 317 2156 Omnia
331 2092 524 2166 possideant.
554 2092 613 2164 illis
630 2092 824 2168 Campusque
841 2092 1001 2166 lorumque

251 2174 381 2236 Serviat.
413 2175 445 2234 hi
460 2191 570 2250 pacem
585 2177 744 2250 crudaque
760 2174 840 2234 bella
857 2184 978 2250 gerant:

208 2261 335 2319 Tantum
353 2274 391 2318 ne
406 2266 530 2320 nostros
548 2260 631 2318 avidi
645 2260 793 2318 liceantur
810 2275 946 2332 amores,

166 2352 201 2406 60
253 2343 304 2416 Et,
327 2343 401 2404 satis
418 2348 480 2416 est,
504 2343 619 2418 aliquid
634 2343 778 2418 pauperis
795 2359 867 2402 esse
882 2343 991 2402 sinant.

208 2427 248 2484 At
263 2442 359 2500 nunc,
381 2431 533 2514 euaequet
548 2429 671 2486 tetricas
687 2427 758 2486 licet
772 2426 825 2486 ille
840 2425 984 2500 SabinaS,

250 2509 429 2583 Imperetut
445 2517 568 2583 captae,
590 2510 642 2584 qut
660 2511 735 2570 dare
750 2510 843 2570 multa
860 2516 971 2585 potest.

207 2591 256 2651 Me
272 2593 413 2668 prohibet
430 2592 546 2659 custos.
577 2595 606 2652 in
624 2611 674 2654 me
688 2593 772 2654 timet
788 2593 840 2652 illa
857 2594 1006 2665 maritum.

252 2675 284 2736 Si
300 2677 454 2750 dederim,
477 2683 541 2737 tota
557 2676 646 2738 cedet
659 2685 788 2752 uterque
804 2678 906 2737 domo.
942 2735 944 2740 ,

164 2758 235 2823 650
252 2760 278 2819 si
294 2762 422 2821 neclecti
439 2760 604 2836 quisquam
620 2763 698 2822 deus
714 2763 795 2822 ultor
812 2761 941 2820 amantis

248 2843 320 2904 Tam
337 2847 416 2904 male
430 2845 586 2918 quaesitas
604 2847 730 2920 pulvere
746 2851 840 2904 mutet
857 2852 950 2919 opes!

150 2973 177 3066 9
209 2972 379 3070 Memnona
396 3011 422 3070 si
438 3009 548 3086 mater,
571 3020 667 3073 mater
683 3015 814 3088 ploravit
832 3012 995 3082 Achillem,

247 3093 286 3152 Et
300 3100 426 3168 tangunt
439 3111 566 3169 magnas
583 3096 681 3156 tristia
697 3098 757 3156 lata
776 3098 878 3169 deas,

205 3175 328 3237 Flebilis
346 3178 505 3252 indignos,
527 3178 666 3255 Elegeia,
689 3183 776 3241 solve
795 3181 936 3255 capillos.

248 3263 290 3334 Α,
315 3261 403 3320 nimis
419 3278 458 3320 ex
475 3277 550 3322 vero
566 3279 646 3323 nuno
661 3264 715 3326 tibi
728 3281 839 3324 nornen
855 3264 924 3323 erit!

178 3343 260 3403 ollle
274 3345 318 3404 tui
333 3351 420 3404 vates
438 3346 557 3420 operis,
580 3357 634 3406 tua
650 3347 745 3420 lania,
767 3345 904 3407 Tibullus

248 3427 344 3488 Ardet
361 3429 391 3487 in
409 3435 562 3504 extructo,
586 3446 700 3504 corpus
714 3430 820 3505 inane,
842 3446 929 3506 rogo.
