2488 4006
309 266 401 346 1va
426 265 855 330 SAPPHU8105-182.
1034 270 1096 332 los

201 419 344 478 Praebuit
357 425 386 478 et
397 421 489 478 multa
503 421 576 478 texit
588 435 684 493 opocu
698 437 791 480 como.

96 511 147 564 145
160 503 222 563 Sed
235 518 294 561 nou
311 504 426 562 inuenio
440 502 587 560 dominum
601 506 749 577 siluaeque
763 521 923 579 meumque.

209 587 272 646 Vile
284 589 377 646 sotum
390 589 471 645 locus
485 591 535 644 est.
557 586 610 645 dos
623 595 689 645 erat
702 590 753 646 itte
769 590 833 647 loci.

162 669 290 743 Coquooi
298 685 419 743 pressas
432 671 494 727 uoti
505 669 578 727 mibi
589 673 726 745 caespitis
740 671 865 731 nerbas:

202 753 247 812 De
260 758 358 828 nostro
371 769 494 812 curuum
505 754 639 826 p'oudere
650 770 776 827 promen
792 761 867 814 erat.

159 834 288 895 Incubui
299 839 436 909 tetipique
449 839 558 908 locum,
581 853 640 910 qua
649 835 740 912 po'rte
751 836 839 908 suisti
846 859 855 895 :

95 928 148 980 150
204 920 298 978 Grata
305 922 410 994 prius,
430 921 572 980 lacrimas
587 922 720 980 combibit
736 921 827 980 berba
841 938 931 981 meas.

161 1001 239 1072 Quin
251 1005 340 1062 etiam
353 1005 434 1061 rami
441 1006 546 1077 positis
559 1007 662 1076 iuuere
675 1006 811 1063 uidentur

202 1086 384 1154 Fraudibus,
406 1092 435 1143 et
447 1089 548 1146 nullae
562 1087 648 1146 dulce
662 1095 827 1161 queruntur
840 1105 918 1148 aues.

161 1165 231 1227 Sola
245 1170 340 1226 uirum
354 1183 411 1226 uon
426 1171 488 1225 ulta
499 1172 550 1242 pie
563 1173 755 1229 maestissima
769 1177 864 1230 muter

171 1283 174 1288 ·
204 1250 336 1309 Concinit
347 1251 507 1308 Ismarium
520 1251 647 1310 Daulias
661 1255 723 1310 ales
736 1252 814 1326 Ityn.

97 1343 149 1395 155
161 1333 229 1392 Ales
241 1333 325 1407 Itym,
349 1333 471 1407 Sappbo
486 1335 614 1393 desertos
627 1341 729 1394 cantat
742 1352 857 1394 amores

202 1416 367 1490 Hactenus,
389 1423 421 1475 ut
433 1417 532 1475 media
546 1423 643 1477 cetera
658 1425 740 1477 nocte
752 1422 846 1478 silent.

160 1498 215 1557 Est
227 1501 338 1576 nitidus
350 1502 481 1573 vitroque
494 1503 589 1573 munis
599 1503 772 1574 perlucidus
785 1504 865 1561 omui

203 1583 283 1642 Fons
296 1599 390 1642 sacer.
412 1584 491 1641 bunc
505 1586 588 1642 multi
600 1601 707 1644 numen
721 1585 830 1645 babere
842 1595 964 1660 putant:

161 1665 253 1734 Quem
267 1681 360 1739 supra
376 1681 476 1723 ramos
489 1667 621 1725 extendit
635 1673 773 1741 aquatica
786 1672 867 1743 lotos,

98 1757 149 1811 160
206 1747 272 1807 Uuu
285 1764 402 1819 acmus,·
422 1754 522 1808 tenero
537 1754 666 1824 caespite
681 1757 763 1810 terra
779 1755 861 1812 viret.

160 1831 219 1890 Hic
232 1847 286 1904 eqo
299 1848 366 1890 cum
381 1834 473 1890 lassos
482 1835 643 1906 posuissem
655 1835 772 1906 fletibus
787 1842 879 1908 ortus,

205 1914 335 1974 Constitit
347 1926 415 1974 aute
429 1918 526 1974 oculos
539 1919 626 1974 naias
641 1933 702 1974 uua
716 1931 809 1976 meos:

163 1997 305 2070 Constitit,
327 2005 357 2059 et
371 1999 448 2057 diait
462 2002 611 2072 ‘quonium
624 2015 682 2059 uon
696 2002 812 2073 iquibus
827 2005 930 2076 aequis

207 2079 322 2152 Ureris,
345 2081 504 2141 Ambracia
517 2089 560 2142 est
574 2090 655 2142 terro
663 2085 796 2158 peteuda
810 2086 869 2144 tibi.

96 2173 147 2226 165
159 2164 292 2223 Pboebus
306 2166 344 2224 ab
357 2170 487 2235 excelso,
509 2174 649 2240 quautam
660 2174 759 2242 patet,
780 2170 910 2243 adspicit
921 2185 1051 2243 aequor:

203 2247 345 2307 Actaeum
354 2252 461 2324 populi
471 2247 709 2325 Leucadiumque
723 2259 842 2311 uocant:
907 2306 909 2310 .
1167 2255 1172 2260 ’

160 2331 241 2390 Hinc
254 2347 285 2390 se
298 2332 460 2391 Deucalion
474 2333 612 2407 Pyrrhae
625 2351 781 2394 succensus
795 2351 895 2397 amore

202 2414 298 2486 Misit,
320 2425 349 2475 et
361 2417 463 2476 illaeso
476 2432 601 2490 corpore
608 2422 721 2493 pressit
734 2436 846 2493 aquas:

159 2498 333 2571 Noenum,
355 2516 456 2558 uersus
470 2517 554 2559 umor
567 2504 660 2574 tetipit
671 2504 830 2561 lentissima
844 2506 934 2564 mersi

95 2587 148 2642 170
200 2582 339 2654 Pectora,
360 2583 521 2644 Deucalion
535 2588 604 2658 ique
617 2588 729 2644 levatus
743 2594 818 2646 erat.

99 2687 105 2693 ·
159 2664 249 2724 Hauc
262 2666 356 2738 leqem
370 2670 449 2726 loeus
463 2670 512 2727 ille
525 2675 609 2728 tenet.
625 2665 695 2743 pete
703 2672 842 2744 protinus
855 2673 947 2730 altam

142 2801 144 2806 ,
200 2747 357 2822 Leucada,
379 2767 433 2810 uec
446 2767 521 2812 suco
536 2753 686 2813 desiluisse
699 2755 787 2812 time?

164 2831 200 2890 Ut
212 2835 336 2905 monuit,
359 2850 427 2893 cum
444 2851 511 2894 uoce
525 2838 604 2896 obiit.
625 2853 679 2910 eqo
693 2839 796 2896 territa
810 2853 909 2910 surqo,
939 2901 941 2906 ,

200 2915 262 2976 Nec
273 2918 421 2989 providae
435 2921 576 2980 lacrimas
589 2924 759 2980 continuere
770 2938 875 2994 penae.

95 3004 145 3060 175
158 2998 287 3073 Ibimus,
309 3003 481 3077 omnemque,
500 3010 718 3079 monstrataque
733 3021 812 3064 suaa
822 3012 962 3082 petemus.
1065 3015 1068 3020 ’

201 3081 247 3142 Sit
256 3089 364 3158 procul
377 3089 481 3148 insauo
495 3090 587 3148 metus
601 3105 702 3148 amore
716 3091 810 3150 timor.

160 3166 306 3242 Quicquid
319 3171 388 3243 erit,
407 3173 523 3244 metius,
546 3189 635 3246 quam
650 3189 743 3246 nuuc,
765 3178 830 3234 erit.
867 3174 967 3246 Aura,
985 3171 1093 3232 subito:

200 3251 241 3310 Et
252 3268 318 3312 mea
332 3269 391 3313 uou
404 3269 542 3327 maquum
556 3271 684 3331 corpora
694 3259 813 3332 pondus
827 3256 942 3316 babent.

162 3333 205 3392 Tu
220 3352 346 3411 quoque,
367 3341 462 3398 moitis
477 3338 580 3412 Amor,
599 3357 716 3414 penuas
729 3357 861 3417 suppone
875 3341 1003 3412 cedenti,

92 3423 146 3478 180
200 3419 245 3478 Ne
258 3423 313 3479 sim
326 3421 496 3482 Leucadiae
509 3429 624 3483 mortua
638 3427 749 3482 crimen
764 3439 870 3498 oquae.

155 3502 233 3562 Inde
248 3504 353 3580 cbelqu
368 3507 496 3578 Phoebo,
516 3509 682 3568 commuuio
696 3523 835 3580 munera,
850 3523 974 3582 ponam,

199 3587 761 3660 Etsubeauersusuuusetaltererit
912 3669 927 3705 *

871 3683 899 3732 ll
