2488 4006
175 261 236 324 158
547 255 819 318 EPISTULAE.

258 411 347 486 Quod
361 409 432 485 quia
446 410 485 470 sit
499 410 610 469 lectum
624 413 730 468 sancta
744 415 907 484 praesente
921 408 1029 485 Diana,

299 496 378 554 Esse
393 501 475 554 tuam
489 494 620 553 vinctam
635 492 758 553 numine
772 498 851 552 teste
863 491 966 552 iidem.

255 579 300 638 lle
315 577 415 640 tamen
429 577 549 652 ignoret
564 576 669 650 scripti
683 573 835 636 sententia
850 591 928 649 quae
946 576 993 652 sit,

297 663 390 726 Lecta
404 659 458 720 tibi
474 660 628 735 quondam
643 675 725 719 nunc
740 675 864 734 quoque
877 659 972 720 verba
986 660 1078 720 reler.

78 819 81 826 ¹
191 745 368 818 stantune,
392 747 529 819 precor,’
552 743 633 803 dicet
647 744 708 802 ‘coi
723 751 753 804 te
767 742 851 802 bona
864 743 988 802 numina
1002 744 1143 818 iungunt.

299 828 394 902 Quem
408 830 474 887 lore
489 827 609 899 iurasti,
631 826 671 886 sit
683 841 778 901 gener
793 825 843 886 ille
860 826 943 886 milri.
1072 889 1074 894 ,

256 911 401 987 Quisquis
416 911 443 970 is
458 917 519 984 est,
540 912 673 985 placeat,
694 909 838 984 quoniam
852 911 953 984 placet
967 917 1036 972 ante
1051 911 1192 972 Dianae?

297 995 377 1054 Talis
392 993 449 1054 erit
461 999 571 1065 mater,
593 993 619 1052 si
634 993 727 1054 modo
742 998 839 1052 muter
853 993 918 1054 erit.

256 1078 318 1138 Sed
334 1084 434 1138 tamen
450 1082 480 1136 et
495 1075 637 1152 quaerat,
657 1077 727 1152 quis
743 1076 798 1135 sim
815 1077 991 1154 qualisque,
1015 1077 1137 1139 videto=
1230 1089 1233 1096 ·

191 1172 244 1223 220
296 1161 434 1222 Inveniet
447 1160 536 1222 vobis
552 1161 744 1221 consuluisse
758 1160 858 1220 deam.

255 1245 373 1318 Insula,
394 1243 533 1322 Coryciis
548 1243 703 1319 quondam
719 1243 916 1304 celeberrima
930 1245 1086 1322 nymphis,

298 1327 433 1408 Cingitur
445 1329 586 1403 Aegaeo,
606 1327 730 1387 nomine
745 1327 819 1402 Cea,
841 1327 931 1388 mari=

255 1410 311 1470 Illa
324 1411 395 1470 mihi
411 1413 510 1486 patria
524 1417 580 1471 est.
603 1425 676 1484 nec,
698 1412 725 1470 si
740 1426 892 1486 generosa
907 1411 1044 1486 probatis

297 1493 441 1568 Nomina,
464 1494 620 1568 despectis
636 1509 747 1568 arguor
762 1501 846 1556 ortus
861 1495 938 1555 avis.

192 1586 243 1639 225
255 1576 332 1637 Sunt
346 1583 375 1637 et
389 1593 467 1652 opes
482 1576 587 1652 nobis,
611 1586 683 1638 sunt
697 1585 727 1638 et
741 1578 808 1637 sine
823 1579 948 1639 crimine
960 1596 1081 1641 mores=

296 1661 438 1735 Amplius
454 1667 548 1736 utque
562 1661 650 1735 nihil,
669 1677 719 1721 me
732 1661 785 1720 tibi
805 1662 900 1736 iungit
914 1678 1010 1722 amor.

190 1793 195 1808 .
255 1746 428 1819 Appeteres
444 1747 533 1804 talem
549 1745 598 1803 vel
612 1759 675 1803 non
688 1743 786 1804 iurata
800 1745 948 1806 maritum.

296 1828 415 1888 iuratae
430 1828 479 1886 vel
494 1843 555 1887 non
569 1828 638 1888 talis
653 1827 813 1888 habendus
828 1835 902 1888 erat.

254 1909 339 1970 Haec
354 1910 407 1970 tibi
421 1926 469 1969 me
481 1909 512 1970 in
530 1912 645 1972 somnis
661 1912 820 1972 iaculatrix
836 1911 969 1972 scribere
983 1911 1117 1987 Phoebe,

190 1993 243 2054 ‘²30
294 1993 378 2052 Haec
391 1993 444 2053 tibi
459 2010 507 2054 me
520 1995 643 2069 vigilent
659 1994 793 2056 scribere
807 1995 895 2056 iussit
908 1996 1017 2056 Amor=

255 2075 279 2134 Ε
296 2076 406 2150 quibus
423 2075 546 2137 alterius
561 2079 633 2138 mihi
648 2079 708 2137 iam
721 2093 856 2139 nocuere
871 2079 1008 2154 sagittae,

297 2159 431 2220 Alterius
446 2169 629 2222 noceantne
644 2161 697 2222 tibi
711 2162 784 2236 tela,
808 2177 893 2221 cave.

253 2243 358 2303 Iuncta
376 2245 459 2304 salus
475 2251 581 2304 nostre
595 2251 651 2305 est.
673 2244 818 2305 miserere
832 2246 954 2321 meique
968 2245 1085 2322 tuiqu‘e.

297 2325 375 2400 Quid
391 2326 512 2388 dubitas
525 2345 617 2388 unam
633 2330 711 2389 lerre
726 2327 847 2392 duobus
864 2335 974 2405 opemt

190 2417 242 2471 235
255 2409 344 2484 Quod
358 2411 384 2468 si
399 2412 571 2486 contigerit,
597 2428 665 2472 cnm
680 2412 740 2471 iam
757 2413 829 2475 data
842 2413 930 2488 signa
944 2412 1098 2474 sonabunt

296 2492 462 2568 Tinctaque
475 2497 578 2556 votivo
595 2495 744 2570 sunguine
758 2496 853 2556 Delos
868 2497 933 2571 erit,

254 2577 358 2634 Aurea
371 2584 502 2651 ponetur
517 2579 588 2638 mali
602 2579 699 2639 felicis
714 2581 823 2655 imago,

296 2658 458 2736 Causaque
472 2663 631 2723 versiculis
646 2662 759 2739 scripta
777 2662 900 2724 duobus
915 2662 986 2723 erite

256 2741 377 2818 ‘Effigie
391 2745 474 2819 pomi
489 2748 616 2808 testatur
630 2745 779 2808 Acontius
794 2747 894 2819 huius,

191 2833 244 2888 240
296 2826 379 2901 Quae
394 2829 504 2889 luerint
518 2827 547 2889 in
564 2845 601 2890 eo
616 2829 742 2906 scripta,
765 2831 861 2891 luisse
874 2832 962 2890 rata?

254 2909 389 2984 Longior
400 2911 551 2974 inllnnum
566 2931 605 2972 ne
619 2917 715 2974 lasset
730 2914 860 2989 epistole
877 2929 1002 2990 corpus

298 2992 470 3070 clausaque
484 3004 631 3057 consueto
647 2997 687 3057 sit
699 2997 751 3057 tibi
767 2999 844 3074 line,
865 2999 948 3057 valet

643 3213 707 3278 XX.

252 3291 416 3403 Penimui,
439 3329 647 3406 scriptumque
663 3337 747 3391 tuum
762 3323 996 3392 sine'murmure
1012 3331 1084 3406 legi,

295 3409 411 3472 Iuraret
425 3427 544 3487 nequos
559 3413 656 3474 inscia
669 3414 772 3489 lingua
786 3415 875 3477 deos.

254 3492 294 3552 lJt
307 3502 398 3570 puto,
420 3503 581 3570 captasses
595 3498 716 3570 iterum,
737 3499 812 3574 nisi,
835 3507 867 3559 ut
880 3499 949 3574 ipse
963 3497 1079 3573 lateris,
