2472 4010
564 233 768 296 AMORUM

282 389 391 464 Turpis
409 396 439 448 et
452 389 552 448 Iliacis
571 386 729 448 infitianda
745 385 844 449 roclsr

241 473 318 546 Quid
333 487 436 534 moror
451 479 481 532 et
497 472 598 547 digitis
615 470 760 544 designor
774 469 912 530 adultera
927 470 1029 544 volgi?

251 593 255 596 -
282 557 389 616 Desint
403 556 540 617 famosus
557 569 637 631 quae
651 560 734 614 notet
752 569 807 612 cra
823 553 935 627 pudor’

239 641 410 712 Hactenus,
432 647 462 699 et
475 647 594 700 vestem
608 638 731 698 tumidis
747 637 918 711 praetendit
932 637 1054 712 0001110,

197 732 232 786 80
284 725 386 798 Atque
400 723 442 782 ita
457 739 493 783 se
508 724 543 782 in
553 722 678 798 rapidas
694 715 909 794 perdita'misit
924 736 1031 794 aquas

240 807 453 882 Supposuisse
467 823 575 866 manus
591 807 632 866 ad
647 812 773 880 pectora
787 803 922 866 lubricus
938 805 1035 864 amnis

280 891 410 964 Dicitur,
434 896 464 948 et
478 891 554 949 socii
569 889 636 949 iura
653 888 781 948 dedisse
794 888 862 947 tori.

238 975 279 1034 Te
295 988 421 1049 quoque
436 974 581 1033 credibile
598 980 645 1032 est
659 972 762 1045 aliqua
775 973 909 1032 caluisse
924 972 1039 1046 puella:

282 1057 344 1118 Sed
359 1072 485 1116 nemora
499 1063 529 1116 et
543 1057 640 1118 silvae
655 1056 780 1116 erimina
794 1064 903 1119 vestra¹
914 1062 1026 1129 tegunt.

195 1149 230 1204 85
240 1144 318 1202 Dum
332 1143 458 1216 loquor,
479 1141 608 1200 increvit
621 1139 690 1198 latis
705 1140 873 1214 spatiosius
887 1139 994 1212 undis,

134 1232 139 1240 '
278 1225 341 1285 Nec
358 1225 440 1300 capit
453 1223 605 1284 admissas
624 1224 731 1284 alveus
750 1223 829 1282 altus
844 1239 951 1298 aquae.

238 1308 315 1382 Quid
331 1323 464 1381 meeum,
487 1309 617 1380 furiose,
639 1307 716 1366 titis
737 1307 812 1380 quid
828 1316 930 1366 mutua
945 1305 1051 1366 differs

279 1391 418 1451 Gaudia?
440 1392 514 1465 quid
529 1399 685 1467 coeptum,
706 1391 835 1464 rustice,
857 1389 972 1466 rumpis
989 1391 1066 1450 iter‘r

238 1476 331 1549 Quid,
356 1475 380 1534 si
396 1473 560 1549 legitimum
578 1474 706 1546 1100000,
730 1474 873 1534 01000110
888 1474 1017 1547 llumen,

193 1569 228 1624 90
283 1558 316 1619 Si
334 1558 387 1618 tibi
402 1565 568 1634 perterres
582 1557 715 1618 maxima
730 1560 811 1618 fama
826 1559 925 1618 lorett

235 1644 352 1704 Nomen
368 1642 464 1702 habes
480 1644 608 1715 nullum,
629 1643 704 1702 rivis
720 1643 847 1702 collecte
863 1642 1003 1715 caducis,

278 1727 341 1787 Nec
355 1725 408 1786 tibi
424 1733 495 1786 sunt
512 1727 627 1800 100100,
650 1741 713 1786 000·
724 1727 775 1786 tibi
792 1732 875 1786 certa
890 1726 1010 1786 domus.

232 1810 337 1871 Fontis
352 1810 449 1870 habes
464 1811 559 1869 instar
573 1811 771 1885 pluviamque
787 1811 936 1884 nivesque
951 1811 1084 1884 solutae,

277 1895 358 1968 Quas
373 1893 427 1952 tibi
442 1894 563 1954 divitias
579 1896 667 1969 pigra
681 1893 830 1954 ministrat
842 1894 972 1968 hiemps.

191 1987 225 2042 95
237 1981 299 2038 Aut
312 1979 477 2038 lutulentus
494 1978 558 2052 agis
573 1977 700 2038 brumali
717 1984 853 2052 tempore
868 1993 992 2050 cursus,

275 2065 336 2120 Aut
344 2061 464 2136 premis
479 2070 615 2122 arentem
630 2063 858 2136 pulverulentus
873 2061 1008 2121 humum.

234 2147 306 2221 Quis
322 2153 352 2204 te
367 2153 429 2204 tum
445 2146 544 2220 potuit
558 2146 664 2206 sitiens
681 2145 801 2204 haurire
815 2145 941 2204 viatore

274 2230 346 2304 Quis
362 2229 440 2288 dixit
454 2236 541 2304 grata
556 2245 633 2290 vcee
648 2229 805 2304 ‘perennis
821 2233 910 2290 eas'l

232 2315 406 2372 Damnosus
422 2314 527 2388 pecori
542 2313 655 2385 curris,
678 2312 857 2377 damnosior
870 2312 961 2387 agris.

171 2407 220 2459 100
273 2396 412 2456 Forsitan
429 2397 505 2456 haec
519 2397 612 2470 alios,
636 2412 766 2456 memes
781 2398 894 2456 damna
907 2401 1039 2456 movent.

231 2481 308 2540 Huic
319 2495 409 2555 ego...
427 2481 667 2542 vaedemenst...
687 2481 847 2540 narrabam
855 2479 1013 2540 fluminum
1024 2484 1171 2538 amoresl

275 2565 411 2626 lactasse
424 2565 548 2638 indigne
563 2566 686 2624 nomina
700 2572 783 2624 tanta
800 2565 902 2640 pudet.

230 2647 1172 2724 NescioquemhunespectansAcheloonetlnachonamnem
1224 2717 1225 2720 Ἴ

272 2731 409 2807 Et=p0tui
424 2739 550 2804 nomen,
573 2733 654 2806 Nile,
675 2733 789 2791 relerre
804 2739 908 2792 tuum?

169 2825 217 2877 105
229 2817 269 2875 At
284 2814 336 2875 tibi
353 2832 408 2890 pro
426 2817 555 2889 meritis,
579 2823 670 2891 opto,
689 2833 750 2876 non
767 2816 898 2876 candide
913 2822 1048 2884 torrens,
1153 2815 1157 2823 '

273 2898 340 2958 Sint
353 2899 453 2974 rapidi
468 2901 551 2958 soles
567 2899 713 2974 siccaque
728 2915 850 2985 semper
865 2899 996 2972 hiemps.

175 3029 200 3121 ἶ
229 3029 273 3123 At
288 3079 350 3123 non
365 3065 523 3127 formonsa
537 3072 601 3138 est,
623 3072 653 3125 at
667 3081 730 3126 non
744 3067 825 3126 bene
839 3068 920 3126 culta
934 3065 1053 3139 puella,

271 3150 326 3220 At,
347 3156 437 3222 puto,
460 3165 522 3208 non
537 3149 617 3208 votis
633 3164 728 3224 saepe
743 3150 839 3225 petita
853 3149 953 3209 meist
1222 3165 1223 3213 l

228 3232 314 3290 Hane
329 3237 432 3291 tamen
447 3233 477 3290 in
492 3234 593 3292 nullos
608 3233 691 3294 tenui
706 3235 785 3294 male
800 3233 965 3308 languidus
979 3228 1073 3303 usus,

136 3369 138 3372 .
271 3313 334 3374 Sed
348 3313 428 3374 iacui
444 3318 532 3391 pigro
549 3317 663 3378 crimen
679 3333 821 3391 onusque
836 3325 919 3378 toro:

200 3397 290 3459 01100
305 3399 390 3472 potui
403 3400 546 3473 adplene,
571 3401 683 3474 pariter
697 3401 839 3474 cupiente
855 3401 971 3475 puella,
1086 3414 1089 3420 ’

268 3480 403 3556 Inguinis
419 3481 502 3542 effeti
518 3491 603 3557 parte
618 3484 741 3544 iuvante
756 3484 822 3544 lrui.
894 3489 896 3492 '
