2472 4010
135 241 177 304 36
440 262 442 268 ’
546 236 749 297 AMORUM

218 389 343 451 Femina
358 387 510 449 silvestris
524 387 670 463 Lapithas
686 391 894 464 populumque
909 388 1070 450 biformem

176 485 228 538 20¹
264 474 403 547 Turpiter
417 471 560 546 adposito
579 474 667 532 vertit
682 474 712 530 in
727 489 812 532 arma
825 487 921 533 mero.

218 557 343 618 Femina
356 555 505 616 Troianos
520 555 626 616 iterum
642 572 723 615 nova
735 555 816 616 bella
830 571 955 619 movere

261 641 548 716 Impulitinregno,
571 640 785 711 iusteLatine,
809 646 870 700 tuo.

219 722 342 784 Femina
356 724 502 784 Romanis
524 723 612 782 etiam
629 739 710 783 nunc
724 723 807 782 Urbe
821 723 936 783 recenti

261 808 377 866 Inmisit
393 821 520 866 soceros
540 821 686 880 armaque
700 821 795 865 saeva
810 807 903 867 dedit.

176 901 211 953 25
223 890 295 951 Vidi
310 906 367 964 ego
384 906 439 965 pro
456 889 545 950 nivea
560 897 730 966 pugnantes
747 893 877 964 coniuge
891 896 1011 950 tauros:

263 973 436 1048 Spectatrix
451 974 569 1034 animos
584 975 654 1050 ipsa
668 976 798 1034 iuvenca
813 973 914 1034 dabat.
983 1003 994 1020 x

220 1058 270 1118 hle
285 1073 424 1132 quoque,
449 1057 501 1130 qui
515 1061 642 1133 multos,
665 1059 721 1118 sed
735 1072 784 1115 me
800 1059 866 1116 sinc
884 1057 993 1131 caede,
1014 1055 1131 1130 Cupido

261 1140 354 1204 lussit
368 1139 491 1200 militiae
508 1141 596 1218 signa
612 1157 737 1202 morere
752 1155 837 1200 suae.

542 1279 751 1302 —-·-l-—-———

139 1353 194 1447 13
225 1354 316 1452 num!
324 1367 488 1452 labefactat
503 1406 582 1451 onus
596 1390 715 1464 gravidi
730 1393 891 1452 temeraria
903 1394 1033 1463 ventris,

262 1476 297 1534 ln
315 1476 407 1535 dubio
428 1476 507 1534 vitae
523 1475 606 1533 lassa
622 1474 752 1534 corinna
767 1477 854 1536 iacet.

221 1559 275 1618 llla
292 1559 508 1632 quidemclem
521 1573 570 1617 me
584 1565 699 1618 tantum
716 1560 819 1620 molita
835 1560 939 1634 pericli

264 1644 313 1702 lrn
328 1642 420 1716 digna
435 1657 513 1701 mea.
542 1642 596 1701 sed
614 1643 696 1704 cadit
710 1643 754 1702 ira
768 1651 860 1703 metu.

194 1737 209 1787 o
222 1724 285 1785 Sed
300 1734 403 1785 tamen
420 1733 472 1785 aut
487 1741 526 1784 ex
541 1741 589 1784 me
604 1735 802 1801 conceperat,
824 1735 876 1787 aut
891 1743 948 1802 ego
965 1727 1068 1785 credo.

261 1809 317 1869 Est
331 1809 404 1868 mihi
420 1826 474 1884 pro
491 1810 571 1869 laeto
583 1807 805 1885 'saepesquod
820 1825 892 1870 csse
907 1817 1017 1885 potest.
1132 1845 1136 1850 -

220 1893 279 1968 Isi,
300 1891 513 1953 Paraetonium
528 1893 721 1969 genialiaque
737 1910 811 1954 arva
827 1894 942 1970 Canopi

264 1976 348 2050 Quae
363 1975 439 2036 colis
454 1985 483 2036 et
496 1977 651 2052 Memphin
667 1979 916 2052 palmiferamque
931 1978 1062 2048 Pharon,

109 2125 111 2130 ,
218 2061 348 2135 ,Οιιειᾳυθ
365 2061 446 2119 celer
457 2061 543 2120 Nilus
559 2062 619 2121 lato
636 2062 782 2138 delapsus
798 2063 828 2121 in
847 2062 935 2121 alveo
1090 2065 1093 2068 '

178 2155 212 2205 10
264 2143 322 2203 Per
337 2151 454 2218 septem
470 2152 578 2220 portus
594 2145 624 2202 in
639 2145 732 2204 maris
748 2147 810 2205 exit
825 2161 937 2220 aquas,

202 2249 205 2254 ·
219 2227 276 2287 Per
289 2235 341 2288 tua
356 2227 448 2288 sistra
464 2245 589 2303 precor,
611 2244 667 2303 per
683 2229 835 2293 Anubidis
851 2245 906 2288 ora
922 2229 1062 2288 verendi:

263 2310 314 2371 Sic
329 2318 380 2370 tna
395 2327 485 2372 sacra
500 2313 569 2388 pius
587 2327 709 2387 semper
724 2314 820 2373 Osiris
836 2321 930 2385 amet,

219 2395 370 2470 Pigraque
386 2395 505 2456 labatur
524 2397 605 2454 circa
620 2397 747 2457 donaria
761 2413 907 2473 serpens,

263 2477 301 2537 Et
315 2489 421 2539 corncs
436 2479 466 2538 in
482 2495 595 2554 pompa
609 2483 751 2556 corniger
763 2482 842 2556 Apis
860 2488 922 2540 eata

179 2573 210 2624 lb
223 2563 288 2621 Huc
304 2562 416 2622 adhibe
431 2565 548 2637 vultus,
573 2571 603 2623 et
617 2564 647 2622 in
662 2582 724 2624 una
741 2579 834 2640 parce
849 2565 980 2624 duobus

261 2645 337 2704 Nam
351 2646 442 2706 vitam
457 2649 600 2708 dominae
615 2655 647 2707 tu
662 2649 766 2721 dubis,
789 2649 936 2712 illamihi.

221 2728 321 2804 Saepe
334 2728 389 2791 tibi
404 2731 483 2791 sedit
498 2731 587 2790 certis
603 2739 730 2806 operata
745 2730 869 2805 diebus,

262 2813 326 2886 Qua
340 2812 428 2888 tingit
441 2816 545 2875 laurus
560 2816 676 2875 Gallica
690 2824 789 2876 turma
807 2824 886 2876 tuas.

218 2896 325 2970 Tuque
341 2897 516 2958 laborantes
532 2906 617 2958 utero
633 2900 777 2960 miserata
792 2900 927 2976 puellum,

175 2989 211 3040 20
265 2979 398 3052 Quarum
412 2983 500 3041 tarda
514 2985 611 3042 latens
628 2997 760 3058 corpora
774 2983 871 3044 tendit
886 2997 979 3055 onus,

217 3063 309 3122 Lenis
325 3063 417 3136 ades,
436 3065 642 3141 precibusque
656 3069 732 3127 meis
748 3068 833 3141 lave,
856 3067 977 3143 ilithyia

261 3144 360 3220 Digna
375 3155 438 3220 est,
462 3165 554 3223 quam
569 3149 675 3210 iubeas
691 3152 824 3212 muneris
841 3167 913 3211 esse
927 3151 981 3210 tui,

218 3231 291 3304 lpse
306 3245 363 3306 ego
378 3239 445 3292 tura
460 3233 541 3294 dabo
557 3235 686 3295 fumosis
708 3235 857 3295 candidus
873 3235 951 3304 aris,

259 3313 331 3387 lpse
346 3315 440 3374 leram
456 3324 526 3376 ante
541 3324 612 3378 tuos
628 3335 753 3378 munera
767 3327 840 3379 vota
855 3317 952 3394 pedes

176 3403 210 3455 aa
219 3395 361 3457 Adiciam
376 3400 492 3460 titulum
508 3399 650 3460 ‘Servata
664 3403 745 3462 Naso
762 3403 916 3463 Corinna?

259 3477 303 3540 Tu
316 3482 409 3542 modo
426 3483 475 3542 lac
489 3485 574 3545 titulo
590 3486 830 3560 muneribusque
844 3488 953 3545 locum.
