2498 4008
102 177 167 241 236
481 177 650 242 REMED.
674 177 750 237 AM.

187 333 249 391 Neo
266 338 340 408 quot
354 331 527 404 transieris,
549 331 606 392 sed
621 337 697 406 quot
709 327 777 400 tibi,
801 343 929 403 quaere,
954 329 1118 406 supersint

229 415 322 475 Milia.
344 422 416 489 nec,
438 431 563 474 maneas
579 421 612 475 ut
624 429 740 489 propa,
762 412 843 486 finge
857 427 975 472 morosa

186 500 337 575 Tempora
351 513 408 558 nec
423 514 563 572 numera,
585 497 764 557 necerebro
782 495 903 570 respice
917 497 1057 572 Romam,

231 582 294 643 Sed
310 583 390 658 iuge.
414 589 496 642 tutus
514 582 616 642 adhuc
630 581 761 646 Parthus
775 580 813 640 ab
827 580 918 641 hoste
933 582 1005 657 iuga
1020 589 1078 642 est.

106 675 174 728 ‘aba
185 666 268 726 Dura
285 666 396 742 aliquis
410 673 576 742 praecepta
590 671 682 726 vocet
696 680 773 725 mea.
797 664 875 724 dura
889 666 1019 727 latemur

228 749 317 810 Esse.
341 751 398 810 sad
415 757 446 810 ut
460 751 581 823 valeas,
601 751 695 810 multa
709 748 843 810 dolenda
856 749 948 809 leros.

188 833 290 909 Saepe
306 833 369 893 bibi
385 850 495 907 sucos,
518 835 661 909 quamvis
674 833 802 906 invitus,
824 847 946 894 amaros

91 977 96 986 ,
230 920 346 992 Aeger,
369 925 399 980 et
413 919 511 980 oranti
524 933 632 978 mensa
646 924 756 992 negata
769 916 854 976 nulii.

187 1002 227 1062 Ut
243 1016 356 1077 corpus
363 1003 519 1075 redimas,
541 993 653 1062 lenum
668 1000 793 1076 patieris
808 1008 838 1061 et
850 999 949 1075 ignes,

123 1093 177 1147 uto
228 1085 329 1148 Arida
339 1101 397 1147 nec
412 1086 519 1148 sitiens
536 1101 591 1146 ora
604 1085 722 1145 levabis
737 1099 828 1159 aqua.

188 1168 227 1230 Ut
242 1171 347 1230 valeas
365 1172 484 1243 animo,
506 1170 669 1245 quicquam
684 1170 816 1230 tolerare
829 1165 980 1243 negabisa

229 1254 270 1311 At
283 1255 413 1327 prelium
429 1269 501 1329 pars
510 1254 593 1312 llaec
607 1267 738 1327 corpore
752 1251 851 1311 maius
865 1251 965 1312 habet.

189 1334 252 1395 Sed
265 1343 367 1397 tamen
382 1345 429 1397 est
443 1338 516 1396 anis
532 1338 705 1396 tristissima
719 1337 810 1396 ianua
825 1342 959 1408 nostrae,

230 1420 268 1480 Et
285 1419 372 1480 labor
387 1427 434 1480 est
446 1437 527 1480 unus
541 1426 681 1494 tempora
696 1420 795 1495 prima
808 1419 881 1493 pati.

124 1511 175 1565 235
187 1503 326 1577 Aspicis,
350 1511 383 1564 ut
396 1520 529 1579 prensos
544 1512 634 1563 urant
646 1505 719 1577 iuga
734 1503 831 1578 prima
845 1501 1003 1573 iuvencos

231 1588 269 1648 Et
283 1583 365 1646 nova
382 1589 520 1648 velocem
535 1588 655 1662 cingula
667 1589 770 1646 laedat
783 1593 916 1660 equum‘t

189 1669 328 1730 Forsitan
344 1671 492 1730 alaribus
509 1672 613 1746 patriis
629 1671 714 1730 exire
729 1669 858 1744 pigebit=

233 1753 296 1814 Sed
311 1761 411 1815 tamen
426 1754 535 1815 exibis.
557 1754 670 1814 deinde
683 1754 784 1814 redire
800 1753 903 1812 voles=

189 1837 296 1897 Necte
310 1839 369 1897 Lar
385 1839 516 1913 patrius,
539 1839 595 1898 sed
611 1854 698 1899 amor
712 1836 871 1898 revocabit
885 1835 1011 1908 amicae,

125 1928 178 1982 240
230 1920 436 1982 Praetendens
453 1923 561 1997 culpae
580 1921 742 1996 splendida
757 1919 854 1979 verba
866 1927 947 1980 tuae.

191 2005 265 2064 Cum
280 2006 374 2064 semel
391 2005 517 2077 exieris,
542 2012 662 2065 centum
678 2005 787 2065 solatia
802 2019 894 2064 curae

215 2087 336 2148 *Etrus
354 2095 383 2148 et
398 2091 525 2150 comites
541 2095 572 2148 et
586 2090 635 2149 via
649 2091 741 2163 longa
756 2084 849 2147 dabit.

189 2171 252 2232 Nec
268 2171 342 2234 satis
358 2187 429 2232 esse
444 2179 533 2247 putes
550 2172 719 2232 discedere.
742 2172 842 2232 lentus
857 2170 976 2244 abesto,

232 2255 309 2314 Ilum
324 2256 433 2331 perdat
449 2257 529 2316 vires
545 2257 645 2330 sitque
662 2257 729 2316 sine
742 2256 813 2330 igne
829 2255 916 2315 cinis.

125 2345 177 2398 245
189 2338 278 2411 Quod
291 2339 351 2400 nisi
366 2339 483 2399 firmata
498 2341 675 2416 properaris
692 2346 792 2399 mente
806 2339 928 2412 reverti,

231 2422 344 2482 Inferet
358 2439 442 2482 arma
454 2422 507 2483 tibi
521 2440 616 2483 saeva
629 2418 752 2484 rebeliis
767 2423 871 2483 Amor.

192 2503 346 2580 Quidquid
361 2514 390 2566 et
406 2507 534 2580 alueris,
557 2507 668 2566 avidus
683 2507 851 2582 sitiensque
865 2504 992 2578 redibiS,

232 2588 271 2649 Et
285 2591 417 2664 spatium
432 2589 543 2650 damno
561 2591 689 2650 cessent
705 2605 794 2651 omne
808 2595 873 2650 tuo.

9 2711 10 2718 κ
191 2670 322 2746 Viderit,
344 2672 532 2734 Haemoniae
547 2674 644 2748 siquis
660 2675 739 2734 mala
753 2673 867 2750 pabula
880 2678 980 2732 terrae

9 2787 10 2800 κ
127 2763 180 2817 250
232 2755 271 2816 Et
284 2757 419 2831 magicas
435 2765 516 2818 artes
531 2773 627 2834 posse
642 2759 859 2833 iuvareputat.

191 2840 254 2900 Ista
266 2841 408 2901 veneficii
424 2849 511 2902 vetus
527 2849 574 2902 est
588 2843 647 2901 via.
670 2849 776 2902 noster
790 2840 905 2916 Apollo

232 2925 398 2985 Innocuam
413 2939 502 2985 sacro
518 2926 650 2986 camnine
663 2931 813 2986 monstrat
827 2939 928 2999 opem.

113 3045 115 3050 -
190 3007 240 3065 Me
256 3007 334 3067 duce
349 3023 410 3068 non
424 3012 540 3069 tumulo
555 3010 680 3087 prodire
697 3007 847 3069 iubebitur
863 3006 978 3077 umbra,

233 3090 300 3150 Non
314 3106 391 3150 anus
406 3092 511 3150 infami
525 3093 657 3154 carmine
671 3099 792 3167 rumpet
804 3093 939 3165 humum,

127 3182 178 3236 255
190 3175 255 3233 Non
273 3190 363 3250 seges
380 3189 419 3234 ex
435 3175 501 3235 aliis
517 3176 594 3236 alios
608 3176 748 3236 transibit
761 3176 791 3235 in
806 3191 908 3250 agros,
926 3225 931 3238 .

233 3253 296 3318 Nec
312 3258 412 3319 subito
426 3257 541 3320 Phoebi
557 3261 688 3334 pallidus
705 3260 790 3318 orbis
806 3259 871 3319 erit.

192 3343 231 3400 Ut
246 3344 339 3411 solet,
363 3358 534 3416 aequoreas
550 3343 603 3403 ibit
618 3343 776 3403 Tiberinus
791 3343 822 3402 in
836 3341 953 3402 undas:

234 3424 273 3482 Ut
288 3427 380 3500 solet,
400 3426 429 3484 in
445 3427 543 3486 niveis
557 3427 643 3486 Luna
655 3426 782 3486 vehetur
796 3426 896 3501 equis.
