<?xml version="1.0" encoding="UTF-8"?>
<!DOCTYPE html PUBLIC "-//W3C//DTD XHTML 1.0 Transitional//EN"
    "http://www.w3.org/TR/xhtml1/DTD/xhtml1-transitional.dtd">
<html xmlns="http://www.w3.org/1999/xhtml" xml:lang="en" lang="en">
 <head>
  <title>
</title>
<meta http-equiv="Content-Type" content="text/html;charset=utf-8" />
  <meta name='ocr-system' content='tesseract 3.04.00' />
  <meta name='ocr-capabilities' content='ocr_page ocr_carea ocr_par ocr_line ocrx_word'/>
</head>
<body>
  <div class='ocr_page' id='page_1' title='image "./povidiusnaso02merkgoog_0142.png"; bbox 0 0 2488 4006; ppageno 0'>
   <div class='ocr_carea' id='block_1_1' title="bbox 402 227 1148 295">
    <p class='ocr_par' dir='ltr' id='par_1_1' title="bbox 402 227 1148 295">
     <span class='ocr_line' id='line_1_1' title="bbox 402 227 1148 295; baseline 0.009 -7"><span class='ocrx_word' id='word_1_1' title='bbox 402 229 465 288; x_wconf 90' lang='lat' dir='ltr'><strong>Xll.</strong></span> <span class='ocrx_word' id='word_1_2' title='bbox 487 229 650 288; x_wconf 84' lang='lat' dir='ltr'>MEDEA</span> <span class='ocrx_word' id='word_1_3' title='bbox 671 227 867 293; x_wconf 80' lang='lat'>113-188.</span> <span class='ocrx_word' id='word_1_4' title='bbox 1088 229 1148 295; x_wconf 75' lang='lat' dir='ltr'><strong>ll?</strong></span> 
     </span>
    </p>
   </div>
   <div class='ocr_carea' id='block_1_2' title="bbox 210 377 1128 705">
    <p class='ocr_par' dir='ltr' id='par_1_2' title="bbox 210 377 1128 705">
     <span class='ocr_line' id='line_1_2' title="bbox 212 377 1128 458; baseline 0.009 -20"><span class='ocrx_word' id='word_1_5' title='bbox 212 380 301 438; x_wconf 75' lang='lat' dir='ltr'><strong>‘Hinc</strong></span> <span class='ocrx_word' id='word_1_6' title='bbox 315 379 402 453; x_wconf 90' lang='lat' dir='ltr'><strong>mihi,</strong></span> <span class='ocrx_word' id='word_1_7' title='bbox 422 377 533 454; x_wconf 82' lang='lat' dir='ltr'><strong>mater,</strong></span> <span class='ocrx_word' id='word_1_8' title='bbox 550 379 613 438; x_wconf 90' lang='lat' dir='ltr'><strong>abi!</strong></span> <span class='ocrx_word' id='word_1_9' title='bbox 636 397 781 456; x_wconf 84' lang='lat' dir='ltr'>pompam</span> <span class='ocrx_word' id='word_1_10' title='bbox 797 385 894 457; x_wconf 84' lang='lat' dir='ltr'><strong>pater&#39;</strong></span> <span class='ocrx_word' id='word_1_11' title='bbox 911 383 1007 458; x_wconf 90' lang='lat' dir='ltr'><strong>inquit</strong></span> <span class='ocrx_word' id='word_1_12' title='bbox 1023 385 1128 446; x_wconf 75' lang='lat' dir='ltr'><strong>‘lason</strong></span> 
     </span>
     <span class='ocr_line' id='line_1_3' title="bbox 253 463 978 542; baseline 0.006 -19"><span class='ocrx_word' id='word_1_13' title='bbox 253 463 357 536; x_wconf 89' lang='lat' dir='ltr'><strong>Ducit,</strong></span> <span class='ocrx_word' id='word_1_14' title='bbox 381 470 411 522; x_wconf 92' lang='lat' dir='ltr'><strong>et</strong></span> <span class='ocrx_word' id='word_1_15' title='bbox 426 465 585 523; x_wconf 89' lang='lat' dir='ltr'><strong>adiunctos</strong></span> <span class='ocrx_word' id='word_1_16' title='bbox 602 479 712 524; x_wconf 87' lang='lat' dir='ltr'><strong>aurens</strong></span> <span class='ocrx_word' id='word_1_17' title='bbox 729 475 838 539; x_wconf 89' lang='lat' dir='ltr'><strong>urguet</strong></span> <span class='ocrx_word' id='word_1_18' title='bbox 854 472 978 542; x_wconf 69' lang='lat' dir='ltr'><strong>equos!</strong></span> 
     </span>
     <span class='ocr_line' id='line_1_4' title="bbox 210 547 959 624; baseline 0.007 -18"><span class='ocrx_word' id='word_1_19' title='bbox 210 547 350 607; x_wconf 78' lang='lat' dir='ltr'><strong>Protinus</strong></span> <span class='ocrx_word' id='word_1_20' title='bbox 366 547 506 606; x_wconf 89' lang='lat' dir='ltr'><strong>abscissa</strong></span> <span class='ocrx_word' id='word_1_21' title='bbox 521 547 624 622; x_wconf 82' lang='lat' dir='ltr'>planxi</span> <span class='ocrx_word' id='word_1_22' title='bbox 641 563 707 606; x_wconf 89' lang='lat' dir='ltr'><strong>mea</strong></span> <span class='ocrx_word' id='word_1_23' title='bbox 722 557 849 623; x_wconf 83' lang='lat' dir='ltr'><strong>pectora</strong></span> <span class='ocrx_word' id='word_1_24' title='bbox 864 559 959 624; x_wconf 89' lang='lat' dir='ltr'><strong>veste,</strong></span> 
     </span>
     <span class='ocr_line' id='line_1_5' title="bbox 252 631 824 705; baseline 0.003 -17"><span class='ocrx_word' id='word_1_25' title='bbox 252 631 328 691; x_wconf 88' lang='lat' dir='ltr'><strong>Tuta</strong></span> <span class='ocrx_word' id='word_1_26' title='bbox 344 645 401 690; x_wconf 91' lang='lat' dir='ltr'><strong>nec</strong></span> <span class='ocrx_word' id='word_1_27' title='bbox 418 631 552 705; x_wconf 89' lang='lat' dir='ltr'><strong>adigitis</strong></span> <span class='ocrx_word' id='word_1_28' title='bbox 569 647 623 692; x_wconf 89' lang='lat' dir='ltr'><strong>ora</strong></span> <span class='ocrx_word' id='word_1_29' title='bbox 638 633 722 692; x_wconf 89' lang='lat' dir='ltr'><strong>luere</strong></span> <span class='ocrx_word' id='word_1_30' title='bbox 737 633 824 692; x_wconf 89' lang='lat' dir='ltr'><strong>meis.</strong></span> 
     </span>
    </p>
   </div>
   <div class='ocr_carea' id='block_1_3' title="bbox 63 711 1004 792">
    <p class='ocr_par' dir='ltr' id='par_1_3' title="bbox 63 711 1004 792">
     <span class='ocr_line' id='line_1_6' title="bbox 63 711 1004 792; baseline 0.001 -15"><span class='ocrx_word' id='word_1_31' title='bbox 63 715 68 724; x_wconf 44' lang='lat'>⁸</span> <span class='ocrx_word' id='word_1_32' title='bbox 151 725 198 780; x_wconf 88' lang='grc'><strong>155</strong></span> <span class='ocrx_word' id='word_1_33' title='bbox 210 711 257 773; x_wconf 90' lang='lat' dir='ltr'><strong>Ire</strong></span> <span class='ocrx_word' id='word_1_34' title='bbox 271 715 391 774; x_wconf 89' lang='lat' dir='ltr'><strong>animus</strong></span> <span class='ocrx_word' id='word_1_35' title='bbox 407 715 527 774; x_wconf 89' lang='lat' dir='ltr'><strong>mediae</strong></span> <span class='ocrx_word' id='word_1_36' title='bbox 543 715 691 774; x_wconf 82' lang='lat' dir='ltr'><strong>suadebat</strong></span> <span class='ocrx_word' id='word_1_37' title='bbox 707 717 736 774; x_wconf 90' lang='lat' dir='ltr'><strong>ln</strong></span> <span class='ocrx_word' id='word_1_38' title='bbox 753 719 874 791; x_wconf 81' lang='lat' dir='ltr'><strong>agmina</strong></span> <span class='ocrx_word' id='word_1_39' title='bbox 889 718 1004 792; x_wconf 79' lang='lat' dir='ltr'><strong>turbae,</strong></span> 
     </span>
    </p>
   </div>
   <div class='ocr_carea' id='block_1_4' title="bbox 112 797 1087 3202">
    <p class='ocr_par' dir='ltr' id='par_1_4' title="bbox 112 797 1087 3202">
     <span class='ocr_line' id='line_1_7' title="bbox 255 797 962 876; baseline 0.006 -18"><span class='ocrx_word' id='word_1_40' title='bbox 255 797 404 872; x_wconf 83' lang='lat' dir='ltr'><strong>Sertaque</strong></span> <span class='ocrx_word' id='word_1_41' title='bbox 419 799 599 874; x_wconf 86' lang='lat' dir='ltr'><strong>compositis</strong></span> <span class='ocrx_word' id='word_1_42' title='bbox 615 799 738 858; x_wconf 88' lang='lat' dir='ltr'><strong>demere</strong></span> <span class='ocrx_word' id='word_1_43' title='bbox 752 810 840 876; x_wconf 85' lang='lat' dir='ltr'><strong>rapta</strong></span> <span class='ocrx_word' id='word_1_44' title='bbox 855 803 962 862; x_wconf 88' lang='lat' dir='ltr'><strong>comis.</strong></span> 
     </span>
     <span class='ocr_line' id='line_1_8' title="bbox 209 882 932 961; baseline 0.006 -20"><span class='ocrx_word' id='word_1_45' title='bbox 209 883 272 942; x_wconf 91' lang='lat' dir='ltr'><strong>Vix</strong></span> <span class='ocrx_word' id='word_1_46' title='bbox 289 897 337 942; x_wconf 92' lang='lat' dir='ltr'><strong>me</strong></span> <span class='ocrx_word' id='word_1_47' title='bbox 352 883 502 956; x_wconf 84' lang='lat' dir='ltr'><strong>continui,</strong></span> <span class='ocrx_word' id='word_1_48' title='bbox 526 883 598 956; x_wconf 91' lang='lat' dir='ltr'><strong>quin</strong></span> <span class='ocrx_word' id='word_1_49' title='bbox 615 882 659 942; x_wconf 92' lang='lat' dir='ltr'><strong>sic</strong></span> <span class='ocrx_word' id='word_1_50' title='bbox 675 883 786 943; x_wconf 86' lang='lat' dir='ltr'><strong>laniata</strong></span> <span class='ocrx_word' id='word_1_51' title='bbox 802 887 932 961; x_wconf 76' lang='lat' dir='ltr'><strong>capillos</strong></span> 
     </span>
     <span class='ocr_line' id='line_1_9' title="bbox 254 966 964 1044; baseline 0.004 -19"><span class='ocrx_word' id='word_1_52' title='bbox 254 966 420 1026; x_wconf 81' lang='lat' dir='ltr'><strong>Clamarem</strong></span> <span class='ocrx_word' id='word_1_53' title='bbox 436 971 535 1025; x_wconf 73' lang='lat' dir='ltr'><strong>‘mens</strong></span> <span class='ocrx_word' id='word_1_54' title='bbox 550 969 611 1026; x_wconf 86' lang='lat' dir='ltr'><strong>est’</strong></span> <span class='ocrx_word' id='word_1_55' title='bbox 626 967 831 1044; x_wconf 82' lang='lat' dir='ltr'><strong>iniceremque</strong></span> <span class='ocrx_word' id='word_1_56' title='bbox 847 985 964 1030; x_wconf 80' lang='lat' dir='ltr'><strong>manue.</strong></span> 
     </span>
     <span class='ocr_line' id='line_1_10' title="bbox 210 1050 941 1124; baseline 0.004 -16"><span class='ocrx_word' id='word_1_57' title='bbox 210 1050 308 1108; x_wconf 89' lang='lat' dir='ltr'><strong>Laese</strong></span> <span class='ocrx_word' id='word_1_58' title='bbox 323 1055 410 1122; x_wconf 86' lang='lat' dir='ltr'><strong>pater</strong></span> <span class='ocrx_word' id='word_1_59' title='bbox 424 1050 533 1123; x_wconf 84' lang='lat' dir='ltr'><strong>gaude.</strong></span> <span class='ocrx_word' id='word_1_60' title='bbox 571 1050 675 1108; x_wconf 89' lang='lat' dir='ltr'><strong>Colchi</strong></span> <span class='ocrx_word' id='word_1_61' title='bbox 691 1053 821 1124; x_wconf 87' lang='lat' dir='ltr'><strong>gaudete</strong></span> <span class='ocrx_word' id='word_1_62' title='bbox 836 1054 941 1111; x_wconf 78' lang='lat' dir='ltr'><strong>relicti,</strong></span> 
     </span>
     <span class='ocr_line' id='line_1_11' title="bbox 147 1132 844 1196; baseline 0 -6"><span class='ocrx_word' id='word_1_63' title='bbox 147 1141 197 1196; x_wconf 80' lang='lat'><strong>160</strong></span> <span class='ocrx_word' id='word_1_64' title='bbox 249 1132 377 1191; x_wconf 89' lang='lat' dir='ltr'><strong>Inlerias</strong></span> <span class='ocrx_word' id='word_1_65' title='bbox 390 1133 515 1191; x_wconf 87' lang='lat' dir='ltr'><strong>umbrae</strong></span> <span class='ocrx_word' id='word_1_66' title='bbox 533 1133 633 1192; x_wconf 88' lang='lat' dir='ltr'><strong>lratris</strong></span> <span class='ocrx_word' id='word_1_67' title='bbox 649 1132 759 1192; x_wconf 84' lang='lat' dir='ltr'><strong>habete</strong></span> <span class='ocrx_word' id='word_1_68' title='bbox 775 1137 844 1193; x_wconf 90' lang='lat' dir='ltr'><strong>mci.</strong></span> 
     </span>
     <span class='ocr_line' id='line_1_12' title="bbox 209 1215 977 1294; baseline 0.004 -19"><span class='ocrx_word' id='word_1_69' title='bbox 209 1217 357 1288; x_wconf 87' lang='lat' dir='ltr'><strong>Deseror,</strong></span> <span class='ocrx_word' id='word_1_70' title='bbox 381 1215 504 1274; x_wconf 89' lang='lat' dir='ltr'><strong>amissis</strong></span> <span class='ocrx_word' id='word_1_71' title='bbox 520 1231 615 1290; x_wconf 81' lang='lat' dir='ltr'><strong>regno</strong></span> <span class='ocrx_word' id='word_1_72' title='bbox 634 1217 795 1291; x_wconf 89' lang='lat' dir='ltr'><strong>patriaque</strong></span> <span class='ocrx_word' id='word_1_73' title='bbox 812 1217 977 1294; x_wconf 91' lang='lat' dir='ltr'><strong>domoque,</strong></span> 
     </span>
     <span class='ocr_line' id='line_1_13' title="bbox 182 1299 892 1373; baseline 0.001 -15"><span class='ocrx_word' id='word_1_74' title='bbox 182 1365 184 1368; x_wconf 54' lang='grc'><strong>,</strong></span> <span class='ocrx_word' id='word_1_75' title='bbox 254 1300 402 1373; x_wconf 87' lang='lat' dir='ltr'><strong>Coniuge,</strong></span> <span class='ocrx_word' id='word_1_76' title='bbox 425 1299 476 1372; x_wconf 89' lang='lat' dir='ltr'><strong>qui</strong></span> <span class='ocrx_word' id='word_1_77' title='bbox 491 1299 581 1359; x_wconf 92' lang='lat' dir='ltr'><strong>nobis</strong></span> <span class='ocrx_word' id='word_1_78' title='bbox 598 1299 699 1360; x_wconf 86' lang='lat' dir='ltr'><strong>omnia</strong></span> <span class='ocrx_word' id='word_1_79' title='bbox 714 1303 892 1361; x_wconf 80' lang='lat' dir='ltr'><strong>solus&#39;erat.</strong></span> 
     </span>
     <span class='ocr_line' id='line_1_14' title="bbox 210 1383 922 1462; baseline 0.001 -19"><span class='ocrx_word' id='word_1_80' title='bbox 210 1383 376 1462; x_wconf 83' lang='lat' dir='ltr'><strong>Serpentes</strong></span> <span class='ocrx_word' id='word_1_81' title='bbox 391 1383 483 1457; x_wconf 86' lang='lat' dir='ltr'><strong>igitur</strong></span> <span class='ocrx_word' id='word_1_82' title='bbox 496 1384 581 1458; x_wconf 91' lang='lat' dir='ltr'><strong>potui</strong></span> <span class='ocrx_word' id='word_1_83' title='bbox 597 1391 764 1460; x_wconf 85' lang='lat' dir='ltr'><strong>taurosque</strong></span> <span class='ocrx_word' id='word_1_84' title='bbox 779 1386 922 1456; x_wconf 76' lang='lat' dir='ltr'><strong>turenteS,</strong></span> 
     </span>
     <span class='ocr_line' id='line_1_15' title="bbox 252 1467 882 1542; baseline -0.002 -15"><span class='ocrx_word' id='word_1_85' title='bbox 252 1467 351 1527; x_wconf 91' lang='lat' dir='ltr'><strong>Unum</strong></span> <span class='ocrx_word' id='word_1_86' title='bbox 367 1483 427 1526; x_wconf 90' lang='lat' dir='ltr'><strong>non</strong></span> <span class='ocrx_word' id='word_1_87' title='bbox 444 1468 527 1542; x_wconf 86' lang='lat' dir='ltr'><strong>potui</strong></span> <span class='ocrx_word' id='word_1_88' title='bbox 545 1468 759 1542; x_wconf 87' lang='lat' dir='ltr'><strong>perdomuisse</strong></span> <span class='ocrx_word' id='word_1_89' title='bbox 776 1469 882 1527; x_wconf 88' lang='lat' dir='ltr'><strong>virum.</strong></span> 
     </span>
     <span class='ocr_line' id='line_1_16' title="bbox 146 1551 1019 1628; baseline 0.002 -16"><span class='ocrx_word' id='word_1_90' title='bbox 146 1559 197 1614; x_wconf 82' lang='grc'><strong>165</strong></span> <span class='ocrx_word' id='word_1_91' title='bbox 210 1551 356 1625; x_wconf 78' lang='lat' dir='ltr'><strong>Quaeque</strong></span> <span class='ocrx_word' id='word_1_92' title='bbox 371 1552 453 1609; x_wconf 87' lang='lat' dir='ltr'><strong>leros</strong></span> <span class='ocrx_word' id='word_1_93' title='bbox 471 1551 575 1625; x_wconf 89' lang='lat' dir='ltr'><strong>pepuli</strong></span> <span class='ocrx_word' id='word_1_94' title='bbox 590 1552 689 1610; x_wconf 88' lang='lat' dir='ltr'><strong>doctis</strong></span> <span class='ocrx_word' id='word_1_95' title='bbox 707 1552 907 1612; x_wconf 86' lang='lat' dir='ltr'><strong>medicatibus</strong></span> <span class='ocrx_word' id='word_1_96' title='bbox 923 1553 1019 1628; x_wconf 88' lang='lat' dir='ltr'><strong>ignes,</strong></span> 
     </span>
     <span class='ocr_line' id='line_1_17' title="bbox 251 1632 922 1711; baseline 0.004 -19"><span class='ocrx_word' id='word_1_97' title='bbox 251 1635 318 1692; x_wconf 90' lang='lat' dir='ltr'><strong>Non</strong></span> <span class='ocrx_word' id='word_1_98' title='bbox 333 1635 422 1693; x_wconf 89' lang='lat' dir='ltr'><strong>valeo</strong></span> <span class='ocrx_word' id='word_1_99' title='bbox 437 1632 577 1693; x_wconf 86' lang='lat' dir='ltr'><strong>flammas</strong></span> <span class='ocrx_word' id='word_1_100' title='bbox 594 1635 729 1710; x_wconf 82' lang='lat' dir='ltr'><strong>effugare</strong></span> <span class='ocrx_word' id='word_1_101' title='bbox 744 1637 813 1711; x_wconf 88' lang='lat' dir='ltr'><strong>ipsa</strong></span> <span class='ocrx_word' id='word_1_102' title='bbox 828 1652 922 1695; x_wconf 75' lang='lat' dir='ltr'><strong>meas,</strong></span> 
     </span>
     <span class='ocr_line' id='line_1_18' title="bbox 208 1715 982 1794; baseline 0.005 -18"><span class='ocrx_word' id='word_1_103' title='bbox 208 1718 273 1792; x_wconf 90' lang='lat' dir='ltr'><strong>Ipsi</strong></span> <span class='ocrx_word' id='word_1_104' title='bbox 286 1733 336 1776; x_wconf 90' lang='lat' dir='ltr'><strong>me</strong></span> <span class='ocrx_word' id='word_1_105' title='bbox 351 1725 458 1777; x_wconf 86' lang='lat' dir='ltr'><strong>cantus</strong></span> <span class='ocrx_word' id='word_1_106' title='bbox 473 1715 650 1792; x_wconf 89' lang='lat' dir='ltr'><strong>herbaeque</strong></span> <span class='ocrx_word' id='word_1_107' title='bbox 666 1725 809 1794; x_wconf 87' lang='lat' dir='ltr'><strong>artesque</strong></span> <span class='ocrx_word' id='word_1_108' title='bbox 825 1720 982 1782; x_wconf 84' lang='lat' dir='ltr'><strong>relincunt.</strong></span> 
     </span>
     <span class='ocr_line' id='line_1_19' title="bbox 250 1801 972 1878; baseline 0.001 -18"><span class='ocrx_word' id='word_1_109' title='bbox 250 1801 297 1860; x_wconf 90' lang='lat' dir='ltr'><strong>Nil</strong></span> <span class='ocrx_word' id='word_1_110' title='bbox 315 1801 389 1874; x_wconf 90' lang='lat' dir='ltr'><strong>dea,</strong></span> <span class='ocrx_word' id='word_1_111' title='bbox 412 1802 453 1860; x_wconf 92' lang='lat' dir='ltr'><strong>nil</strong></span> <span class='ocrx_word' id='word_1_112' title='bbox 469 1801 599 1861; x_wconf 89' lang='lat' dir='ltr'><strong>Hecates</strong></span> <span class='ocrx_word' id='word_1_113' title='bbox 616 1816 705 1862; x_wconf 88' lang='lat' dir='ltr'><strong>sacra</strong></span> <span class='ocrx_word' id='word_1_114' title='bbox 720 1804 853 1876; x_wconf 88' lang='lat' dir='ltr'><strong>potentis</strong></span> <span class='ocrx_word' id='word_1_115' title='bbox 870 1812 972 1878; x_wconf 85' lang='lat' dir='ltr'><strong>agunt.</strong></span> 
     </span>
     <span class='ocr_line' id='line_1_20' title="bbox 209 1885 1010 1961; baseline 0.002 -17"><span class='ocrx_word' id='word_1_116' title='bbox 209 1885 275 1944; x_wconf 90' lang='lat' dir='ltr'><strong>Non</strong></span> <span class='ocrx_word' id='word_1_117' title='bbox 292 1885 363 1944; x_wconf 92' lang='lat' dir='ltr'><strong>mihi</strong></span> <span class='ocrx_word' id='word_1_118' title='bbox 378 1893 463 1960; x_wconf 83' lang='lat' dir='ltr'><strong>grata</strong></span> <span class='ocrx_word' id='word_1_119' title='bbox 479 1885 555 1945; x_wconf 90' lang='lat' dir='ltr'><strong>dies.</strong></span> <span class='ocrx_word' id='word_1_120' title='bbox 578 1894 684 1946; x_wconf 89' lang='lat' dir='ltr'><strong>noctes</strong></span> <span class='ocrx_word' id='word_1_121' title='bbox 702 1887 865 1961; x_wconf 85' lang='lat' dir='ltr'><strong>vigilantur</strong></span> <span class='ocrx_word' id='word_1_122' title='bbox 879 1903 1010 1960; x_wconf 87' lang='lat' dir='ltr'><strong>amarae,</strong></span> 
     </span>
     <span class='ocr_line' id='line_1_21' title="bbox 148 1968 983 2045; baseline -0.005 -13"><span class='ocrx_word' id='word_1_123' title='bbox 148 1968 199 2032; x_wconf 77' lang='lat' dir='ltr'><strong>llo</strong></span> <span class='ocrx_word' id='word_1_124' title='bbox 250 1969 313 2028; x_wconf 90' lang='lat' dir='ltr'><strong>Nec</strong></span> <span class='ocrx_word' id='word_1_125' title='bbox 327 1977 413 2028; x_wconf 89' lang='lat' dir='ltr'><strong>tener</strong></span> <span class='ocrx_word' id='word_1_126' title='bbox 427 1971 456 2028; x_wconf 94' lang='lat' dir='ltr'><strong>in</strong></span> <span class='ocrx_word' id='word_1_127' title='bbox 472 1971 584 2030; x_wconf 88' lang='lat' dir='ltr'><strong>misero</strong></span> <span class='ocrx_word' id='word_1_128' title='bbox 601 1977 726 2045; x_wconf 89' lang='lat' dir='ltr'><strong>pectore</strong></span> <span class='ocrx_word' id='word_1_129' title='bbox 740 1987 867 2030; x_wconf 91' lang='lat' dir='ltr'><strong>somnus</strong></span> <span class='ocrx_word' id='word_1_130' title='bbox 883 1970 983 2029; x_wconf 84' lang='lat' dir='ltr'><strong>habet.</strong></span> 
     </span>
     <span class='ocr_line' id='line_1_22' title="bbox 210 2052 1008 2130; baseline 0 -18"><span class='ocrx_word' id='word_1_131' title='bbox 210 2052 293 2125; x_wconf 81' lang='lat' dir='ltr'><strong>Quae</strong></span> <span class='ocrx_word' id='word_1_132' title='bbox 308 2069 357 2112; x_wconf 90' lang='lat' dir='ltr'><strong>me</strong></span> <span class='ocrx_word' id='word_1_133' title='bbox 372 2069 433 2112; x_wconf 89' lang='lat' dir='ltr'><strong>non</strong></span> <span class='ocrx_word' id='word_1_134' title='bbox 449 2069 591 2128; x_wconf 87' lang='lat' dir='ltr'><strong>possum,</strong></span> <span class='ocrx_word' id='word_1_135' title='bbox 612 2055 697 2130; x_wconf 91' lang='lat' dir='ltr'><strong>potui</strong></span> <span class='ocrx_word' id='word_1_136' title='bbox 714 2055 817 2130; x_wconf 91' lang='lat' dir='ltr'><strong>sopire</strong></span> <span class='ocrx_word' id='word_1_137' title='bbox 832 2055 1008 2114; x_wconf 84' lang='lat' dir='ltr'><strong>draconem.</strong></span> 
     </span>
     <span class='ocr_line' id='line_1_23' title="bbox 250 2135 910 2211; baseline -0.002 -15"><span class='ocrx_word' id='word_1_138' title='bbox 250 2135 359 2196; x_wconf 86' lang='lat' dir='ltr'><strong>Utilior</strong></span> <span class='ocrx_word' id='word_1_139' title='bbox 373 2137 470 2196; x_wconf 90' lang='lat' dir='ltr'><strong>cuivis</strong></span> <span class='ocrx_word' id='word_1_140' title='bbox 486 2154 576 2211; x_wconf 86' lang='lat' dir='ltr'><strong>quam</strong></span> <span class='ocrx_word' id='word_1_141' title='bbox 595 2138 666 2196; x_wconf 90' lang='lat' dir='ltr'><strong>mihi</strong></span> <span class='ocrx_word' id='word_1_142' title='bbox 682 2155 755 2197; x_wconf 88' lang='lat' dir='ltr'><strong>cura</strong></span> <span class='ocrx_word' id='word_1_143' title='bbox 770 2155 838 2197; x_wconf 90' lang='lat' dir='ltr'><strong>mea</strong></span> <span class='ocrx_word' id='word_1_144' title='bbox 853 2145 910 2197; x_wconf 89' lang='lat' dir='ltr'><strong>est.</strong></span> 
     </span>
     <span class='ocr_line' id='line_1_24' title="bbox 112 2216 950 2296; baseline 0.005 -18"><span class='ocrx_word' id='word_1_145' title='bbox 112 2216 113 2219; x_wconf 71' lang='grc'>’</span> <span class='ocrx_word' id='word_1_146' title='bbox 212 2220 294 2294; x_wconf 84' lang='lat' dir='ltr'><strong>Quos</strong></span> <span class='ocrx_word' id='word_1_147' title='bbox 311 2235 369 2294; x_wconf 86' lang='lat' dir='ltr'><strong>ego</strong></span> <span class='ocrx_word' id='word_1_148' title='bbox 385 2221 522 2292; x_wconf 88' lang='lat' dir='ltr'><strong>servavi,</strong></span> <span class='ocrx_word' id='word_1_149' title='bbox 544 2223 635 2296; x_wconf 88' lang='lat' dir='ltr'><strong>pelex</strong></span> <span class='ocrx_word' id='word_1_150' title='bbox 650 2223 841 2296; x_wconf 89' lang='lat' dir='ltr'><strong>amplectitur</strong></span> <span class='ocrx_word' id='word_1_151' title='bbox 856 2228 950 2294; x_wconf 86' lang='lat' dir='ltr'><strong>artus,</strong></span> 
     </span>
     <span class='ocr_line' id='line_1_25' title="bbox 251 2303 843 2366; baseline 0.003 -3"><span class='ocrx_word' id='word_1_152' title='bbox 251 2303 288 2363; x_wconf 87' lang='lat' dir='ltr'><strong>Et</strong></span> <span class='ocrx_word' id='word_1_153' title='bbox 302 2305 398 2363; x_wconf 87' lang='lat' dir='ltr'><strong>nostrl</strong></span> <span class='ocrx_word' id='word_1_154' title='bbox 415 2304 529 2364; x_wconf 82' lang='lat' dir='ltr'><strong>tructus</strong></span> <span class='ocrx_word' id='word_1_155' title='bbox 548 2306 599 2364; x_wconf 86' lang='lat' dir='ltr'><strong>illa</strong></span> <span class='ocrx_word' id='word_1_156' title='bbox 614 2305 727 2364; x_wconf 89' lang='lat' dir='ltr'><strong>laboris</strong></span> <span class='ocrx_word' id='word_1_157' title='bbox 743 2305 843 2366; x_wconf 89' lang='lat' dir='ltr'><strong>habet.</strong></span> 
     </span>
     <span class='ocr_line' id='line_1_26' title="bbox 147 2386 945 2459; baseline -0.003 -11"><span class='ocrx_word' id='word_1_158' title='bbox 147 2394 197 2448; x_wconf 85' lang='grc'><strong>175</strong></span> <span class='ocrx_word' id='word_1_159' title='bbox 207 2386 346 2446; x_wconf 88' lang='lat' dir='ltr'><strong>Forsitan</strong></span> <span class='ocrx_word' id='word_1_160' title='bbox 362 2396 404 2459; x_wconf 88' lang='lat' dir='ltr'><strong>et,</strong></span> <span class='ocrx_word' id='word_1_161' title='bbox 427 2388 536 2448; x_wconf 93' lang='lat' dir='ltr'><strong>stultae</strong></span> <span class='ocrx_word' id='word_1_162' title='bbox 552 2389 623 2448; x_wconf 91' lang='lat' dir='ltr'><strong>dnm</strong></span> <span class='ocrx_word' id='word_1_163' title='bbox 639 2396 668 2448; x_wconf 93' lang='lat' dir='ltr'><strong>te</strong></span> <span class='ocrx_word' id='word_1_164' title='bbox 683 2389 796 2447; x_wconf 88' lang='lat' dir='ltr'><strong>iactare</strong></span> <span class='ocrx_word' id='word_1_165' title='bbox 811 2389 945 2447; x_wconf 89' lang='lat' dir='ltr'><strong>maritae</strong></span> 
     </span>
     <span class='ocr_line' id='line_1_27' title="bbox 253 2471 899 2548; baseline -0.002 -18"><span class='ocrx_word' id='word_1_166' title='bbox 253 2471 379 2544; x_wconf 80' lang='lat' dir='ltr'><strong>Quaeris</strong></span> <span class='ocrx_word' id='word_1_167' title='bbox 395 2479 425 2530; x_wconf 94' lang='lat' dir='ltr'><strong>et</strong></span> <span class='ocrx_word' id='word_1_168' title='bbox 438 2472 560 2532; x_wconf 90' lang='lat' dir='ltr'><strong>iniustis</strong></span> <span class='ocrx_word' id='word_1_169' title='bbox 577 2472 700 2532; x_wconf 86' lang='lat' dir='ltr'><strong>auribus</strong></span> <span class='ocrx_word' id='word_1_170' title='bbox 716 2479 788 2548; x_wconf 89' lang='lat' dir='ltr'><strong>apta</strong></span> <span class='ocrx_word' id='word_1_171' title='bbox 805 2473 899 2546; x_wconf 92' lang='lat' dir='ltr'><strong>loqui,</strong></span> 
     </span>
     <span class='ocr_line' id='line_1_28' title="bbox 209 2555 1010 2630; baseline 0 -18"><span class='ocrx_word' id='word_1_172' title='bbox 209 2555 242 2612; x_wconf 91' lang='lat' dir='ltr'><strong>ln</strong></span> <span class='ocrx_word' id='word_1_173' title='bbox 259 2555 367 2614; x_wconf 85' lang='lat' dir='ltr'><strong>taciem</strong></span> <span class='ocrx_word' id='word_1_174' title='bbox 382 2571 546 2630; x_wconf 89' lang='lat' dir='ltr'><strong>moresque</strong></span> <span class='ocrx_word' id='word_1_175' title='bbox 561 2571 648 2615; x_wconf 87' lang='lat' dir='ltr'><strong>meos</strong></span> <span class='ocrx_word' id='word_1_176' title='bbox 663 2572 745 2615; x_wconf 87' lang='lat' dir='ltr'><strong>nova</strong></span> <span class='ocrx_word' id='word_1_177' title='bbox 760 2555 886 2614; x_wconf 88' lang='lat' dir='ltr'><strong>crimina</strong></span> <span class='ocrx_word' id='word_1_178' title='bbox 900 2555 1010 2628; x_wconf 84' lang='lat' dir='ltr'><strong>fingas.</strong></span> 
     </span>
     <span class='ocr_line' id='line_1_29' title="bbox 251 2639 815 2699; baseline -0.005 -1"><span class='ocrx_word' id='word_1_179' title='bbox 251 2639 363 2698; x_wconf 90' lang='lat' dir='ltr'><strong>Rideat</strong></span> <span class='ocrx_word' id='word_1_180' title='bbox 376 2647 406 2698; x_wconf 90' lang='lat' dir='ltr'><strong>el</strong></span> <span class='ocrx_word' id='word_1_181' title='bbox 420 2639 500 2699; x_wconf 93' lang='lat' dir='ltr'><strong>vitiis</strong></span> <span class='ocrx_word' id='word_1_182' title='bbox 516 2641 595 2698; x_wconf 89' lang='lat' dir='ltr'><strong>laeta</strong></span> <span class='ocrx_word' id='word_1_183' title='bbox 611 2641 650 2699; x_wconf 93' lang='lat' dir='ltr'><strong>sit</strong></span> <span class='ocrx_word' id='word_1_184' title='bbox 663 2640 714 2699; x_wconf 90' lang='lat' dir='ltr'><strong>illa</strong></span> <span class='ocrx_word' id='word_1_185' title='bbox 729 2640 815 2698; x_wconf 92' lang='lat' dir='ltr'><strong>meis.</strong></span> 
     </span>
     <span class='ocr_line' id='line_1_30' title="bbox 210 2719 927 2801; baseline -0.008 -19"><span class='ocrx_word' id='word_1_186' title='bbox 210 2721 334 2795; x_wconf 88' lang='lat' dir='ltr'><strong>Rideat,</strong></span> <span class='ocrx_word' id='word_1_187' title='bbox 361 2730 390 2781; x_wconf 89' lang='lat' dir='ltr'><strong>et</strong></span> <span class='ocrx_word' id='word_1_188' title='bbox 403 2723 495 2801; x_wconf 84' lang='lat' dir='ltr'><strong>Tyrio</strong></span> <span class='ocrx_word' id='word_1_189' title='bbox 512 2724 611 2783; x_wconf 82' lang='lat' dir='ltr'><strong>iaceat</strong></span> <span class='ocrx_word' id='word_1_190' title='bbox 625 2723 764 2784; x_wconf 88' lang='lat' dir='ltr'><strong>sublimis</strong></span> <span class='ocrx_word' id='word_1_191' title='bbox 781 2725 809 2781; x_wconf 91' lang='lat' dir='ltr'><strong>in</strong></span> <span class='ocrx_word' id='word_1_192' title='bbox 823 2719 927 2781; x_wconf 85' lang='lat' dir='ltr'><strong>ostro:</strong></span> 
     </span>
     <span class='ocr_line' id='line_1_31' title="bbox 147 2805 921 2880; baseline -0.003 -15"><span class='ocrx_word' id='word_1_193' title='bbox 147 2813 198 2866; x_wconf 82' lang='lat'><strong>180</strong></span> <span class='ocrx_word' id='word_1_194' title='bbox 249 2805 361 2880; x_wconf 89' lang='lat' dir='ltr'><strong>Flebit,</strong></span> <span class='ocrx_word' id='word_1_195' title='bbox 384 2812 413 2866; x_wconf 90' lang='lat' dir='ltr'><strong>et</strong></span> <span class='ocrx_word' id='word_1_196' title='bbox 427 2808 554 2867; x_wconf 90' lang='lat' dir='ltr'><strong>ardores</strong></span> <span class='ocrx_word' id='word_1_197' title='bbox 571 2809 672 2866; x_wconf 85' lang='lat' dir='ltr'><strong>vincet</strong></span> <span class='ocrx_word' id='word_1_198' title='bbox 686 2808 796 2866; x_wconf 82' lang='lat' dir='ltr'><strong>adusta</strong></span> <span class='ocrx_word' id='word_1_199' title='bbox 811 2811 921 2864; x_wconf 83' lang='lat' dir='ltr'><strong>meost</strong></span> 
     </span>
     <span class='ocr_line' id='line_1_32' title="bbox 208 2887 1087 2969; baseline -0.002 -21"><span class='ocrx_word' id='word_1_200' title='bbox 208 2890 286 2948; x_wconf 89' lang='lat' dir='ltr'><strong>Dum</strong></span> <span class='ocrx_word' id='word_1_201' title='bbox 302 2891 414 2949; x_wconf 91' lang='lat' dir='ltr'><strong>lerrnm</strong></span> <span class='ocrx_word' id='word_1_202' title='bbox 430 2887 634 2969; x_wconf 81' lang='lat' dir='ltr'><strong>flammaeque</strong></span> <span class='ocrx_word' id='word_1_203' title='bbox 650 2891 778 2950; x_wconf 89' lang='lat' dir='ltr'><strong>aderunt</strong></span> <span class='ocrx_word' id='word_1_204' title='bbox 793 2903 949 2962; x_wconf 88' lang='lat' dir='ltr'><strong>sucusque</strong></span> <span class='ocrx_word' id='word_1_205' title='bbox 966 2887 1087 2960; x_wconf 87' lang='lat' dir='ltr'><strong>veneni,</strong></span> 
     </span>
     <span class='ocr_line' id='line_1_33' title="bbox 250 2973 828 3035; baseline 0.003 -5"><span class='ocrx_word' id='word_1_206' title='bbox 250 2973 356 3032; x_wconf 91' lang='lat' dir='ltr'><strong>Hostis</strong></span> <span class='ocrx_word' id='word_1_207' title='bbox 371 2973 499 3034; x_wconf 88' lang='lat' dir='ltr'><strong>Medeae</strong></span> <span class='ocrx_word' id='word_1_208' title='bbox 514 2976 614 3035; x_wconf 87' lang='lat' dir='ltr'><strong>nullus</strong></span> <span class='ocrx_word' id='word_1_209' title='bbox 630 2976 742 3034; x_wconf 90' lang='lat' dir='ltr'><strong>inultus</strong></span> <span class='ocrx_word' id='word_1_210' title='bbox 761 2975 828 3033; x_wconf 88' lang='lat' dir='ltr'><strong>erit.</strong></span> 
     </span>
     <span class='ocr_line' id='line_1_34' title="bbox 209 3055 1019 3134; baseline 0 -18"><span class='ocrx_word' id='word_1_211' title='bbox 209 3055 297 3129; x_wconf 81' lang='lat' dir='ltr'><strong>Quod</strong></span> <span class='ocrx_word' id='word_1_212' title='bbox 314 3057 340 3117; x_wconf 93' lang='lat' dir='ltr'><strong>si</strong></span> <span class='ocrx_word' id='word_1_213' title='bbox 355 3059 433 3117; x_wconf 89' lang='lat' dir='ltr'><strong>sorte</strong></span> <span class='ocrx_word' id='word_1_214' title='bbox 451 3075 560 3134; x_wconf 90' lang='lat' dir='ltr'><strong>preces</strong></span> <span class='ocrx_word' id='word_1_215' title='bbox 578 3059 758 3133; x_wconf 90' lang='lat' dir='ltr'><strong>praecordia</strong></span> <span class='ocrx_word' id='word_1_216' title='bbox 773 3058 873 3116; x_wconf 86' lang='lat' dir='ltr'><strong>ferrea</strong></span> <span class='ocrx_word' id='word_1_217' title='bbox 884 3063 1019 3131; x_wconf 86' lang='lat' dir='ltr'><strong>tangunt,</strong></span> 
     </span>
     <span class='ocr_line' id='line_1_35' title="bbox 250 3139 893 3202; baseline 0.002 -3"><span class='ocrx_word' id='word_1_218' title='bbox 250 3139 336 3200; x_wconf 91' lang='lat' dir='ltr'><strong>Nunc</strong></span> <span class='ocrx_word' id='word_1_219' title='bbox 351 3139 460 3201; x_wconf 90' lang='lat' dir='ltr'><strong>animis</strong></span> <span class='ocrx_word' id='word_1_220' title='bbox 476 3143 548 3202; x_wconf 91' lang='lat' dir='ltr'><strong>andi</strong></span> <span class='ocrx_word' id='word_1_221' title='bbox 562 3144 658 3202; x_wconf 88' lang='lat' dir='ltr'><strong>verba</strong></span> <span class='ocrx_word' id='word_1_222' title='bbox 671 3145 790 3202; x_wconf 89' lang='lat' dir='ltr'><strong>minora</strong></span> <span class='ocrx_word' id='word_1_223' title='bbox 806 3142 893 3200; x_wconf 89' lang='lat' dir='ltr'><strong>meis.</strong></span> 
     </span>
    </p>
   </div>
   <div class='ocr_carea' id='block_1_5' title="bbox 146 3220 1067 3552">
    <p class='ocr_par' dir='ltr' id='par_1_5' title="bbox 146 3220 1067 3552">
     <span class='ocr_line' id='line_1_36' title="bbox 146 3220 1067 3302; baseline -0.003 -19"><span class='ocrx_word' id='word_1_224' title='bbox 146 3231 196 3284; x_wconf 81' lang='grc'><strong>185</strong></span> <span class='ocrx_word' id='word_1_225' title='bbox 207 3223 280 3282; x_wconf 90' lang='lat' dir='ltr'><strong>Tam</strong></span> <span class='ocrx_word' id='word_1_226' title='bbox 295 3223 348 3284; x_wconf 89' lang='lat' dir='ltr'><strong>tibi</strong></span> <span class='ocrx_word' id='word_1_227' title='bbox 364 3243 432 3285; x_wconf 91' lang='lat' dir='ltr'><strong>sum</strong></span> <span class='ocrx_word' id='word_1_228' title='bbox 447 3228 594 3302; x_wconf 88' lang='lat' dir='ltr'><strong>supplex,</strong></span> <span class='ocrx_word' id='word_1_229' title='bbox 619 3243 710 3300; x_wconf 86' lang='lat' dir='ltr'><strong>quam</strong></span> <span class='ocrx_word' id='word_1_230' title='bbox 724 3233 755 3284; x_wconf 91' lang='lat' dir='ltr'><strong>tu</strong></span> <span class='ocrx_word' id='word_1_231' title='bbox 770 3225 842 3282; x_wconf 90' lang='lat' dir='ltr'><strong>mihi</strong></span> <span class='ocrx_word' id='word_1_232' title='bbox 859 3239 954 3298; x_wconf 91' lang='lat' dir='ltr'><strong>saepe</strong></span> <span class='ocrx_word' id='word_1_233' title='bbox 970 3220 1067 3282; x_wconf 83' lang='lat' dir='ltr'><strong>luisti:</strong></span> 
     </span>
     <span class='ocr_line' id='line_1_37' title="bbox 250 3308 951 3384; baseline -0.001 -18"><span class='ocrx_word' id='word_1_234' title='bbox 250 3308 313 3367; x_wconf 89' lang='lat' dir='ltr'><strong>Nec</strong></span> <span class='ocrx_word' id='word_1_235' title='bbox 331 3325 433 3370; x_wconf 89' lang='lat' dir='ltr'><strong>moror</strong></span> <span class='ocrx_word' id='word_1_236' title='bbox 448 3317 517 3370; x_wconf 89' lang='lat' dir='ltr'><strong>ante</strong></span> <span class='ocrx_word' id='word_1_237' title='bbox 535 3317 605 3370; x_wconf 91' lang='lat' dir='ltr'><strong>tuos</strong></span> <span class='ocrx_word' id='word_1_238' title='bbox 623 3309 828 3384; x_wconf 89' lang='lat' dir='ltr'><strong>procubuisse</strong></span> <span class='ocrx_word' id='word_1_239' title='bbox 843 3308 951 3380; x_wconf 85' lang='lat' dir='ltr'><strong>pedes.</strong></span> 
     </span>
     <span class='ocr_line' id='line_1_38' title="bbox 209 3389 1055 3468; baseline -0.006 -17"><span class='ocrx_word' id='word_1_240' title='bbox 209 3389 242 3451; x_wconf 88' lang='lat' dir='ltr'><strong>Si</strong></span> <span class='ocrx_word' id='word_1_241' title='bbox 256 3390 309 3450; x_wconf 91' lang='lat' dir='ltr'><strong>tibi</strong></span> <span class='ocrx_word' id='word_1_242' title='bbox 325 3409 392 3452; x_wconf 87' lang='lat' dir='ltr'><strong>sum</strong></span> <span class='ocrx_word' id='word_1_243' title='bbox 410 3393 493 3468; x_wconf 88' lang='lat' dir='ltr'><strong>vilis,</strong></span> <span class='ocrx_word' id='word_1_244' title='bbox 517 3394 687 3453; x_wconf 91' lang='lat' dir='ltr'><strong>communis</strong></span> <span class='ocrx_word' id='word_1_245' title='bbox 702 3391 824 3466; x_wconf 86' lang='lat' dir='ltr'><strong>respice</strong></span> <span class='ocrx_word' id='word_1_246' title='bbox 838 3397 943 3448; x_wconf 80' lang='lat' dir='ltr'><strong>natos=</strong></span> <span class='ocrx_word' id='word_1_247' title='bbox 1054 3433 1055 3437; x_wconf 65' lang='lat'><strong>,</strong></span> 
     </span>
     <span class='ocr_line' id='line_1_39' title="bbox 252 3473 883 3552; baseline -0.005 -18"><span class='ocrx_word' id='word_1_248' title='bbox 252 3473 375 3535; x_wconf 88' lang='lat' dir='ltr'><strong>Saeviet</strong></span> <span class='ocrx_word' id='word_1_249' title='bbox 390 3475 419 3535; x_wconf 91' lang='lat' dir='ltr'><strong>in</strong></span> <span class='ocrx_word' id='word_1_250' title='bbox 435 3485 541 3552; x_wconf 87' lang='lat' dir='ltr'><strong>partus</strong></span> <span class='ocrx_word' id='word_1_251' title='bbox 558 3478 624 3538; x_wconf 86' lang='lat' dir='ltr'><strong>dira</strong></span> <span class='ocrx_word' id='word_1_252' title='bbox 639 3491 772 3538; x_wconf 89' lang='lat' dir='ltr'><strong>noverca</strong></span> <span class='ocrx_word' id='word_1_253' title='bbox 787 3488 883 3533; x_wconf 89' lang='lat' dir='ltr'><strong>meos.</strong></span> 
     </span>
    </p>
   </div>
   <div class='ocr_carea' id='block_1_6' title="bbox 0 0 1248 4006">
    <p class='ocr_par' dir='ltr' id='par_1_6' title="bbox 0 0 1248 4006">
     <span class='ocr_line' id='line_1_40' title="bbox 0 0 1248 4006; baseline 0 0"><span class='ocrx_word' id='word_1_254' title='bbox 0 0 1248 4006; x_wconf 95' lang='lat' dir='ltr'><strong> </strong></span> 
     </span>
    </p>
   </div>
  </div>
 </body>
</html>
