2488 4006
257 270 336 330 xvi.
361 268 478 348 [nvn]
499 267 715 330 nnnuuau
737 267 933 331 tae-aar.
994 349 996 359 Ι
1044 269 1105 337 tet

215 422 246 478 ln
262 437 323 480 non
339 421 479 479 exhibitis
494 427 622 500 utraque
636 422 703 481 lusu
718 422 802 480 toris.

108 512 158 568 195
170 505 214 565 Tu
228 518 352 578 quoque
367 501 508 562 dilectam
521 506 649 575 multos,
672 505 780 577 infide,
802 519 858 578 per
873 520 972 564 annos

211 586 329 646 Diceris
344 584 490 646 Oenonen
507 580 683 647 destituisse
698 582 790 646 tuam.
843 647 855 668 ,
907 635 912 645 .

170 670 232 730 Nec
246 677 347 728 tamen
362 671 429 744 ipse
444 685 549 743 negas.
573 676 602 728 et
616 668 705 729 nobis
722 669 825 728 omnia
840 670 879 728 de
893 677 923 728 te

213 752 380 826 Quaerere,
400 753 425 811 si
441 751 558 824 nescis,
578 753 711 811 maxima
725 769 798 812 cura
814 753 879 813 luit.

170 836 260 895 Adde
277 836 376 910 quod,
397 841 430 895 ut
446 836 551 908 cupias
567 845 713 895 constans
727 835 759 896 in
777 851 880 895 amore
895 849 1029 909 manere,

104 929 159 981 που
210 920 278 978 Non
294 925 392 993 potes.
417 918 582 994 expediunt
596 919 655 976 iam
670 925 722 978 tua
738 920 806 978 vela
820 918 968 994 Phryges.
998 995 1001 998 Ι

169 1003 245 1062 Dum
263 1003 397 1076 loqueris
412 1017 547 1074 mecum,
571 1001 644 1061 dum
657 1017 719 1062 nox
734 1009 856 1076 sperata
872 1009 1004 1076 paratur,

214 1084 269 1158 Qui
284 1085 361 1144 leret
375 1085 404 1142 in
421 1085 563 1159 patriam,
586 1085 646 1142 iam
661 1083 713 1142 tibi
728 1091 836 1144 ventus
853 1084 919 1143 erit.

171 1166 315 1226 Cursibus
330 1166 361 1225 in
376 1167 486 1224 mediis
503 1165 645 1224 novitatis
661 1166 752 1239 plena
766 1166 913 1240 relinquis

214 1249 339 1309 Gaudia.
363 1265 431 1308 cum
447 1247 548 1307 ventis
563 1255 669 1307 noster
683 1247 776 1307 abibit
791 1264 885 1308 amor.

103 1342 158 1394 205
169 1333 217 1392 An
235 1346 362 1406 sequar,
383 1337 417 1392 ut
432 1331 561 1403 suades,
583 1330 766 1405 laudataque
780 1329 928 1406 Pergama
942 1329 1049 1404 visam,

212 1415 368 1476 Pronurus
383 1422 414 1474 et
430 1413 531 1488 magni
547 1414 764 1474 Laumedontis
781 1421 856 1487 ero?

170 1499 236 1560 Nou
252 1498 293 1556 ita
308 1505 469 1558 contemno
484 1497 619 1558 volucris
638 1498 801 1570 praeconia
816 1500 925 1570 lamae,
995 1527 998 1534 ·

212 1582 253 1641 Ut
265 1582 387 1656 probris
402 1590 499 1640 terras
514 1580 638 1655 impleat
652 1581 705 1639 illa
716 1581 803 1640 meis.

172 1665 250 1738 Quid
265 1663 305 1722 de
318 1679 367 1721 me
381 1661 493 1739 poterit
508 1663 631 1736 Sparte,
652 1663 726 1736 quid
740 1664 858 1722 Achaia
871 1669 944 1735 tota,

105 1757 159 1810 alo
212 1746 290 1820 Quid
304 1749 410 1820 gentes
426 1746 519 1818 aliae,
542 1746 616 1819 quid
630 1742 682 1805 tua
696 1746 786 1806 licia
799 1744 905 1820 loquit

172 1830 248 1905 Quid
263 1829 400 1889 Priamus
415 1830 454 1887 de
470 1845 534 1900 me,
556 1826 665 1887 Priami
681 1830 754 1904 quid
770 1830 879 1888 sentIet
893 1845 980 1903 uxor,

212 1915 330 1986 Totque
344 1913 386 1972 tui
405 1913 513 1971 iratres
527 1911 781 1987 Dardanidesque
798 1919 914 1972 nurus‘t
1011 1919 1015 1932 ¹

171 1996 213 2056 Tu
229 2011 368 2069 quoque,
392 1995 443 2071 qui
457 1995 573 2070 poteris
589 1996 655 2054 iore
670 2009 718 2055 me
734 2009 859 2069 sperare
875 1994 1006 2068 fidelem,

211 2079 249 2138 Et
263 2095 325 2138 non
341 2079 489 2152 exemplis
506 2075 615 2138 anxius
633 2094 705 2138 esse
718 2077 802 2138 tuist
874 2085 876 2090 '

106 2172 160 2225 215
171 2162 358 2236 Quicumque
372 2159 483 2220 Iliacos
500 2162 654 2220 intraverit
669 2161 790 2220 advena
805 2168 920 2235 portus,

214 2247 243 2304 Is
258 2243 311 2303 tibi
326 2243 447 2303 solliciti
462 2259 557 2304 causa
569 2245 688 2304 timoris
704 2245 769 2303 erit.

171 2329 242 2403 lpse
257 2327 329 2386 mihi
346 2327 486 2401 quotiens
501 2327 595 2388 iratus
612 2327 774 2386 ‘adultera’
793 2326 888 2397 dices,

214 2411 330 2471 Oblitus
346 2417 451 2470 nostro
468 2410 581 2469 crimen
596 2410 699 2470 inesse
713 2416 818 2470 tuum?
895 2417 897 2422 ·

171 2492 279 2554 Delicti
294 2493 350 2553 lies
365 2493 445 2552 idem
459 2493 665 2567 reprehensor
681 2498 711 2552 et
726 2499 841 2551 auctor.

106 2585 160 2638 aab
212 2579 319 2650 Terra,
341 2592 465 2651 precor,
486 2577 587 2636 vultus
604 2575 713 2636 obruat
729 2583 798 2634 ante
815 2578 916 2634 meos!

172 2661 310 2719 At'lruar
323 2659 423 2718 iliacis
440 2659 550 2734 opibus
565 2661 708 2740 cultuque
724 2657 825 2728 beato,

213 2741 363 2816 Donaque
380 2743 540 2817 promissis
556 2743 698 2802 uberiora
714 2742 819 2800 leram.

170 2824 309 2900 Purpura
321 2841 430 2899 nempe
446 2826 517 2884 mihi
532 2827 728 2898 pretiosaque
743 2831 826 2883 texta
840 2822 1001 2894 dabuntur,

215 2907 431 2984 Congestoque
448 2909 514 2968 auri
528 2909 666 2982 pondere
684 2908 771 2968 dives
787 2910 849 2965 ero.

107 3001 159 3052 225
170 2989 216 3050 Da
228 2993 350 3051 veniam
366 2993 478 3050 iassae.
501 3007 562 3051 non
578 2998 649 3051 sunt
662 2997 715 3050 tua
728 3005 855 3050 munera
869 2989 954 3048 tanti.

213 3073 324 3134 Nescio
341 3091 402 3148 quo
416 3075 506 3134 tellus
522 3091 570 3134 me
584 3082 666 3133 tenet
681 3075 750 3148 ipsa
764 3073 867 3132 modo.

173 3156 245 3229 Quis
260 3157 347 3229 mihi,
371 3159 397 3216 si
414 3158 532 3230 laedar,
553 3157 693 3234 Phrygiis
710 3162 867 3220 succurret
881 3157 910 3213 in
926 3153 1012 3213 oris?

214 3241 303 3300 Unde
317 3247 419 3315 petam
436 3242 559 3315 iratres,
582 3241 663 3300 unde
679 3239 815 3314 parentis
831 3245 946 3311 opem?

174 3320 281 3382 Omnia
294 3321 422 3384 Medeae
437 3317 529 3384 fallax
543 3323 684 3397 promisit
697 3324 804 3382 lason:

107 3413 160 3467 230
211 3405 302 3465 Pulsa
317 3415 366 3466 est
378 3407 516 3467 Aesonia
529 3411 604 3465 num'
615 3406 716 3464 miuus
732 3405 783 3461 illa
798 3403 912 3460 domo?

170 3488 238 3548 Non
253 3497 317 3549 eret
329 3491 459 3563 Aeetes,
481 3490 521 3548 ad
537 3503 626 3562 quem
642 3489 789 3561 despecta
806 3483 927 3555 rediret,
1012 3533 1016 3540 ,
