2488 4006
137 217 200 280 104
490 214 494 222 ·
520 213 766 277 annotans
877 200 879 204 ’

217 369 344 430 Falleris
361 375 391 428 et
404 367 517 427 nescis.
540 383 600 425 non
617 375 687 427 sunt
701 367 802 442 spolia
816 368 867 426 illa
877 367 987 441 leonia,

189 493 193 505 .
261 452 324 512 Sed
337 460 398 511 tua.
419 459 512 526 tuque
529 451 584 509 leri
600 451 759 523 victores,
780 451 831 509 illa
844 451 895 509 tui.

154 545 204 599 115
215 535 340 596 Femina
354 537 414 594 1111
429 534 494 595 tulit
507 534 734 593 Lernaeis-atra
748 531 885 605 venenis,

188 639 195 682 t
259 618 351 678 Ferre
365 633 488 692 gravem
505 618 574 676 lana
589 617 641 676 vix
655 619 732 677 satis
748 623 820 692 epta
835 617 943 687 colum,

214 702 421 775 Instruxitque
436 717 557 760 manum
574 702 662 760 clava
678 701 835 760 domitrice
850 701 990 774 ferarum,

256 785 342 844 Vidit
356 792 385 844 et
399 787 430 844 in
446 785 573 859 speculo
589 784 727 857 coniugis
742 801 826 844 arma
841 783 898 843 sui.

214 870 298 928 Haec
316 878 416 929 tamen
433 867 598 928 audieram.
621 868 704 926 licuit
718 884 779 927 non
795 867 921 926 credere
935 867 1044 940 lernae,

151 963 203 1015 120
253 951 292 1012 Et
304 953 388 1011 venit
404 953 442 1010 ad
457 966 574 1010 sensus
584 951 683 1010 mollis
700 952 738 1010 ab
756 965 831 1010 aure
845 951 942 1010 dolor.

213 1038 293 1096 Ante
307 1051 393 1094 meos
411 1036 517 1094 oculos
533 1033 694 1094 adducitur
708 1034 829 1093 advena
844 1035 943 1108 pelex,

257 1119 318 1177 Nec
336 1119 422 1192 mihi,
448 1134 528 1193 quae
543 1118 655 1192 patior‚'
678 1117 872 1178 dissimulare
888 1118 967 1176 licet

213 1202 280 1262 Non
297 1202 373 1262 sinis
390 1202 494 1261 averti.
519 1201 649 1260 mediam
664 1201 785 1276 captiva
800 1217 855 1276 per
869 1201 974 1259 urbem

255 1285 361 1344 Invitis
377 1286 474 1345 oculis
490 1284 669 1359 aspicienda
684 1286 776 1343 venit.

150 1369 274 1431 1151111
289 1363 372 1427 venit
386 1367 507 1428 incultis
524 1374 680 1442 captarum
697 1383 782 1428 more
799 1367 925 1442 capillis,

255 1452 419 1511 Fortunam
435 1453 521 1510 vultu
537 1451 621 1510 11111
634 1453 766 1525 tegendo
783 1467 881 1512 suam.

213 1535 383 1608 ingreditur
399 1538 458 1595 1111
473 1536 533 1593 1111
550 1535 726 1608 spectabilis
742 1549 826 1607 auro,

256 1618 390 1691 Qualiter
404 1619 434 1677 in
448 1617 583 1696 Phrygia
596 1625 629 1677 tu
645 1633 770 1693 quoque
786 1618 885 1677 cultus
900 1632 979 1676 eras.

213 1701 271 1761 Dat
284 1704 399 1761 vultum
416 1703 530 1777 populo
547 1701 685 1760 sublimis
700 1709 733 1760 ut
746 1701 877 1760 Hercule
892 1702 980 1781 victo.

151 1793 201 1846 130
256 1783 430 1844 Oechaliam
444 1786 517 1843 vivo
534 1790 614 1844 stare
631 1793 756 1858 parente
771 1791 870 1859 putes.

211 1868 351 1928 Forsitan
366 1876 396 1927 11
412 1869 502 1943 pulsa
515 1868 656 1929 Aetolide
671 1869 813 1926 Deianira

254 1951 539 2026 Nomine'deposito
558 1951 663 2026 pelicis
678 1968 758 2011 uxor
772 1952 842 2010 erit:

212 2034 442 2111 Eurytidosque
457 2036 534 2094 loles
550 2042 580 2094 et
594 2034 705 2094 insanii
719 2034 846 2101 Alcidae
1108 2070 1150 2082 -

254 2117 366 2193 Turpia
381 2120 519 2178 famosus
535 2133 667 2193 corpora
682 2119 785 2192 iunget
798 2119 930 2192 Hymen.
1028 2118 1043 2148 ⁹

148 2209 199 2263 131
209 2201 297 2276 Mens
313 2203 388 2276 fugit
402 2203 571 2275 admonitu,
593 2202 751 2276 frigusque
766 2200 956 2277 perambulat
972 2208 1068 2275 111111,

254 2285 291 2344 Et
304 2287 382 2344 iacet
396 2285 427 2344 in
442 2285 557 2359 gremio
576 2285 721 2359 languida
736 2286 815 2344 lacta
834 2299 953 2344 manus.

211 2368 260 2426 Me
277 2384 400 2442 quoque
416 2383 483 2428 cum
499 2368 615 2440 multis,
628 2369 697 2440 'sed
711 2383 759 2426 me
774 2369 841 2428 sine
856 2367 982 2426 crimine
995 2369 1114 2429 amasti.

253 2451 297 2509 Ne
314 2452 429 2524 pigeat,
452 2467 574 2526 pugnae
588 2450 636 2510 bis
651 2451 705 2511 tibi
720 2465 815 2512 eausa
830 2453 880 2512 lui.

213 2533 331 2593 Cornua
346 2533 425 2594 flens
440 2534 513 2608 legit
525 2533 601 2609 ripis
617 2535 773 2616 Achelous
787 2537 817 2595 in
832 2535 912 2608 udis,

148 2625 199 2679 tto
251 2616 431 2693 Truncaque
445 2619 555 2678 limosa
568 2625 708 2694 tempora
722 2619 826 2678 mersit
842 2633 932 2694 aqua.

212 2700 342 2760 Semivir
358 2701 501 2761 occubuit
514 2702 546 2760 iu
560 2702 677 2763 letifero
692 2701 798 2764 Eueno

252 2785 385 2858 Ν11111,
407 2792 436 2846 11
450 2785 554 2845 iniecit
570 2787 695 2860 sanguis
711 2786 843 2860 equinus
859 2801 967 2858 aquas.

212 2866 274 2926 Sed
291 2869 365 2941 quid
379 2883 436 2942 ego
451 2869 528 2928 haec
543 2870 666 2928 relerol
688 2871 832 2930 scribenti
848 2869 951 2928 nuntia
966 2868 1051 2926 venit

253 2950 361 3022 Fama,
386 2952 482 3011 virum
499 2953 618 3012 tunicae
632 2953 702 3012 tabe
717 2954 816 3027 perire
830 2967 926 3012 meae.

149 3043 198 3097 145
208 3034 243 3092 Ei
258 3032 344 3102 mihi,
368 3035 443 3108 quid
458 3035 538 3093 11111
560 3052 620 3111 quo
635 3053 683 3096 me
699 3037 783 3096 luror
797 3038 858 3111 egit
872 3041 1043 3095 amantem?

254 3117 351 3191 Impia
366 3116 438 3193 quid
455 3117 574 3178 dubitas
589 3119 731 3179 Deianira
745 3121 843 3180 morit
1103 3129 1105 3132 ’

210 3201 259 3259 An
274 3207 345 3260 tuus
361 3201 391 3259 in
406 3201 506 3260 media
522 3203 653 3262 coniunx
670 3203 851 3263 lacerabitur
866 3197 949 3275 Oeta,

253 3286 296 3344 Tu
312 3285 437 3344 sceleris
454 3286 526 3344 tanti
543 3289 637 3345 causa
652 3295 809 3362 superstes
825 3287 907 3346 erist

213 3367 322 3441 Siquid
337 3369 436 3427 adhuc
450 3369 549 3427 habeo
567 3368 650 3444 lacti,
675 3385 729 3428 cur
743 3371 881 3430 Herculis
897 3385 976 3428 uxor
996 3442 1002 3447 ἱ

149 3459 201 3510 150
255 3447 381 3524 Credar,
405 3451 535 3526 coniugii
552 3468 634 3512 mors
651 3453 721 3511 milri
737 3455 848 3528 pignus
863 3453 929 3513 erit.
