2498 4008
389 246 417 318 1,
440 242 645 322 tau-772:
675 249 717 322 11,
740 246 873 312 1-49.
1081 247 1144 310 189

247 398 320 457 Arte
335 411 403 458 mea
419 404 509 473 capta
524 405 581 458 est.
604 405 668 459 arte
681 401 813 464 tenenda
826 415 895 464 mea
908 405 966 460 cst.

205 482 267 542 Nec
282 483 380 541 minor
395 487 442 554 est
458 482 568 552 virtus,
592 498 683 556 quam
700 498 862 559 quaerere,
885 491 973 559 parta
985 483 1073 544 tueri.

248 565 344 624 Casus
362 565 442 623 inest
455 564 524 624 iilic.
546 564 606 624 huc
621 565 677 624 erit
691 565 764 626 artis
780 582 869 641 epus.
909 570 911 574 ’

165 658 197 709 15
208 648 293 708 Nune
308 647 395 720 mihi,
418 646 586 722 siquando,
609 664 684 722 puer
699 657 729 708 et
743 649 906 726 Cytherea,
926 651 1035 722 favete,

246 730 331 790 Nune
346 730 447 790 Erato.
470 746 540 790 nam
554 738 587 791 tu
601 747 713 790 nomen
728 733 840 793 amuris
855 733 962 794 habes.

205 814 316 890 Magna
331 829 422 890 paru,
446 829 523 888 quas
539 815 638 889 possit
652 819 747 876 Amor
762 831 918 876 remanere
934 832 988 892 per
1004 823 1094 890 artes,

246 898 370 970 Dicere,
392 903 451 956 tam
467 905 555 958 vasto
571 913 725 975 pervagus
742 900 816 960 erbe
832 915 914 974 puer.

204 981 241 1039 Et
255 980 331 1040 levis
347 986 409 1054 est,
432 988 462 1040 et
474 981 567 1041 habet
580 981 731 1055 geminas,
756 981 865 1056 quibus
881 985 1000 1057 avolet,
1019 983 1101 1044 aias:

83 1122 86 1132 ,
161 1073 197 1125 20
250 1063 379 1123 Diifieile
398 1071 445 1124 ast
458 1063 516 1140 iliis
531 1064 708 1138 inposuisse
722 1066 856 1128 modum.

205 1147 340 1220 Hospitis
356 1144 468 1220 effugia
484 1154 711 1232 praestruxerat
725 1147 827 1208 omniu
840 1148 955 1207 Minos:

245 1229 404 1287 Audacem
420 1229 519 1302 pinnis
534 1230 670 1304 repperi-t
683 1229 733 1288 ilie
747 1229 835 1288 viam.

203 1310 358 1371 Daedalus
376 1319 409 1370 ut
423 1311 533 1372 clausit
546 1321 728 1386 conceptum
743 1313 867 1372 crimina
883 1312 987 1372 matris

246 1393 502 1470 Semibovemque
516 1396 614 1456 virum
628 1397 864 1471 semivirumque
882 1395 1003 1471 bovem,

159 1485 194 1538 25
207 1475 267 1537 ‘Sit
280 1478 390 1538 modus
405 1479 525 1552 exiii0,’
548 1480 623 1539 dixit
638 1480 815 1540 ‘iustissime
830 1479 946 1540 Minus:

244 1561 386 1635 Accipiat
400 1562 519 1621 cineres
534 1570 615 1624 terra
629 1570 755 1638 paterna
769 1579 864 1625 meos.

202 1643 240 1702 Et
255 1643 398 1717 queniam
413 1644 443 1702 in
458 1645 570 1718 patria,
590 1647 659 1706 fatis
674 1647 805 1721 agitatus
823 1646 945 1720 iniquis,

244 1727 357 1786 Vivere
372 1742 433 1785 nun
448 1728 549 1801 potui,
571 1728 612 1787 da
628 1728 700 1788 mihi
715 1744 809 1824 pesse
825 1729 910 1789 mori.

203 1809 248 1868 Ita
262 1811 391 1870 reditum
406 1825 518 1886 puero,
539 1811 622 1870 senis
641 1819 687 1871 est
702 1811 729 1871 si
744 1814 839 1886 gratia
853 1812 936 1872 viiis·

158 1899 196 1954 30
250 1891 283 1952 Si
297 1909 359 1953 nen
373 1893 421 1952 vis
437 1909 531 1968 puero
547 1909 687 1969 parcere,
710 1910 801 1968 parce
817 1896 905 1954 seni’

201 1967 326 2036 Dixerat
339 1976 426 2037 haec.
463 1975 525 2036 Sed
540 1983 571 2036 et
583 1977 659 2038 haec
675 1985 704 2036 et
718 1979 810 2038 muita
829 1981 915 2074 plura
929 1978 1040 2040 licebat

245 2058 363 2119 Dicere.
385 2075 546 2134 regressus
562 2077 623 2121 non
639 2061 730 2121 dabat
744 2061 793 2120 iiie
808 2063 884 2121 viro.

203 2141 288 2215 Quod
312 2143 401 2202 simul
418 2149 451 2204 ut
465 2144 577 2219 sensit,
598 2149 705 2218 ‘nunc‚
729 2161 823 2217 nunc,
846 2144 1042 2218 0Daedaie,’
1064 2144 1141 2204 dixit

243 2225 415 2300 Materiam,
437 2243 497 2301 qua
512 2227 556 2288 sis
571 2227 765 2302 ingeniosus,
785 2227 892 2288 babes.

157 2317 193 2372 35
203 2307 344 2369 Possidet
358 2316 514 2386 attenua,
537 2317 567 2370 et
581 2312 720 2386 possidet
734 2327 870 2386 aequora
883 2310 998 2372 Minus:

243 2392 305 2450 Nec
318 2393 407 2452 telius
422 2399 560 2464 nostrae,
584 2409 640 2453 nec
655 2402 737 2469 patet
751 2396 833 2454 unda
847 2395 945 2470 fugae.

89 2497 93 2504 ·
200 2474 307 2535 Restat
322 2475 378 2535 iter
393 2476 480 2535 caeli.
503 2477 589 2536 caelu
604 2477 817 2558 temptabimus
832 2479 886 2538 ire.

243 2559 290 2618 Da
304 2560 424 2618 veniam
439 2565 565 2635 coapto,
588 2561 700 2636 iupiter
714 2563 789 2636 alte,
807 2578 891 2624 meo:

200 2641 268 2704 Nun
284 2657 341 2716 ego
358 2642 495 2704 sidereas
511 2643 632 2704 adiectu
649 2652 772 2720 tangere
786 2647 894 2706 sedes:

155 2733 192 2788 iu
246 2725 311 2798 Qua
325 2725 622 2803 fugiamdominum,
644 2729 741 2801 nulia,
763 2729 822 2788 nisi
836 2729 910 2801 ista,
931 2727 983 2786 via
996 2733 1052 2787 est.

198 2807 256 2868 Per
274 2808 372 2885 Styga
388 2810 476 2876 datm
489 2811 561 2883 iter,
584 2811 708 2890 Stygias
724 2811 948 2880 transnabimus
964 2811 1073 2874 undas.

243 2890 309 2952 Sint
322 2893 395 2954 mihi
410 2896 558 2955 naturae
550 2911 617 2956 rura
630 2896 776 2956 novanda
790 2912 907 2956 meae...
910 2898 921 2928 ’

198 2976 355 3050 Ingenium
376 2979 455 3038 maia
473 2994 569 3054 saepe
583 2988 717 3042 movent
751 2980 824 3054 Quis
840 2979 978 3042 erederet
992 2993 1137 3085 umquam

239 3059 349 3120 Aerias
364 3059 518 3123 hominem
533 3077 661 3139 carpere
676 3078 771 3139 pesse
785 3062 874 3124 viast

152 3151 189 3204 45
200 3141 372 3218 Remigium
386 3145 545 3207 volucrum
560 3147 715 3222 dispunit'
708 3164 739 3207 m
754 3147 861 3210 urdine
875 3148 995 3225 pinnas,

239 3225 277 3285 Et
292 3226 360 3286 leve
374 3243 431 3304 per
444 3228 498 3290 iini
512 3230 635 3291 vincula
649 3231 740 3292 nectit
755 3247 844 3306 opus,

196 3305 322 3383 imaq'ue
337 3327 411 3385 pars
426 3313 505 3372 ceris
520 3313 739 3409 adstringitur
731 3330 801 3410 igne
817 3316 936 3387 solutis,

117 3430 125 3440 ,
238 3390 419 3470 Finitusque
433 3412 533 3457 nevae
549 3397 609 3458 iam
623 3397 711 3458 labar
725 3397 798 3458 artis
813 3405 886 3458 erat.

191 3475 356 3537 Tractabat
370 3493 532 3554 ceramque
547 3496 623 3556 puer
637 3483 809 3558 pinnasque
826 3481 982 3550 renidens,
