<?xml version="1.0" encoding="UTF-8"?>
<!DOCTYPE html PUBLIC "-//W3C//DTD XHTML 1.0 Transitional//EN"
    "http://www.w3.org/TR/xhtml1/DTD/xhtml1-transitional.dtd">
<html xmlns="http://www.w3.org/1999/xhtml" xml:lang="en" lang="en">
 <head>
  <title>
</title>
<meta http-equiv="Content-Type" content="text/html;charset=utf-8" />
  <meta name='ocr-system' content='tesseract 3.04.00' />
  <meta name='ocr-capabilities' content='ocr_page ocr_carea ocr_par ocr_line ocrx_word'/>
</head>
<body>
  <div class='ocr_page' id='page_1' title='image "./povidiusnaso02merkgoog_0130.png"; bbox 0 0 2488 4006; ppageno 0'>
   <div class='ocr_carea' id='block_1_1' title="bbox 119 210 1095 300">
    <p class='ocr_par' dir='ltr' id='par_1_1' title="bbox 119 210 1095 300">
     <span class='ocr_line' id='line_1_1' title="bbox 119 210 1095 300; baseline 0.01 -10"><span class='ocrx_word' id='word_1_1' title='bbox 119 232 212 291; x_wconf 85' lang='grc'><strong>111.</strong></span> <span class='ocrx_word' id='word_1_2' title='bbox 234 210 363 292; x_wconf 76' lang='lat' dir='ltr'>ouran.</span> <span class='ocrx_word' id='word_1_3' title='bbox 380 230 491 294; x_wconf 84' lang='grc'><strong>111-</strong></span> <span class='ocrx_word' id='word_1_4' title='bbox 507 233 578 296; x_wconf 81' lang='lat' dir='ltr'>loe.</span> <span class='ocrx_word' id='word_1_5' title='bbox 610 233 997 298; x_wconf 77' lang='lat' dir='ltr'>x.Alt1A1tltE1-17.</span> <span class='ocrx_word' id='word_1_6' title='bbox 1034 235 1095 300; x_wconf 84' lang='grc'><strong>1115</strong></span> 
     </span>
    </p>
   </div>
   <div class='ocr_carea' id='block_1_2' title="bbox 95 382 1015 1877">
    <p class='ocr_par' dir='ltr' id='par_1_2' title="bbox 95 382 1015 1877">
     <span class='ocr_line' id='line_1_2' title="bbox 161 382 1015 461; baseline 0.006 -19"><span class='ocrx_word' id='word_1_7' title='bbox 161 384 204 443; x_wconf 84' lang='lat' dir='ltr'>Tu</span> <span class='ocrx_word' id='word_1_8' title='bbox 216 398 344 458; x_wconf 91' lang='lat' dir='ltr'>quoque</span> <span class='ocrx_word' id='word_1_9' title='bbox 358 399 530 458; x_wconf 81' lang='lat' dir='ltr'>cognosces</span> <span class='ocrx_word' id='word_1_10' title='bbox 545 382 575 442; x_wconf 90' lang='lat' dir='ltr'>in</span> <span class='ocrx_word' id='word_1_11' title='bbox 590 399 654 458; x_wconf 91' lang='lat' dir='ltr'>me,</span> <span class='ocrx_word' id='word_1_12' title='bbox 675 384 844 461; x_wconf 73' lang='lat' dir='ltr'>Meleagro,</span> <span class='ocrx_word' id='word_1_13' title='bbox 867 403 1015 449; x_wconf 89' lang='lat' dir='ltr'>sororem.</span> 
     </span>
     <span class='ocr_line' id='line_1_3' title="bbox 203 464 796 541; baseline 0.007 -17"><span class='ocrx_word' id='word_1_14' title='bbox 203 466 301 541; x_wconf 83' lang='lat' dir='ltr'>Impia</span> <span class='ocrx_word' id='word_1_15' title='bbox 316 465 391 540; x_wconf 90' lang='lat' dir='ltr'>quid</span> <span class='ocrx_word' id='word_1_16' title='bbox 404 465 526 526; x_wconf 86' lang='lat' dir='ltr'>dubitas</span> <span class='ocrx_word' id='word_1_17' title='bbox 541 464 685 526; x_wconf 79' lang='lat' dir='ltr'>Deianira</span> <span class='ocrx_word' id='word_1_18' title='bbox 698 470 796 528; x_wconf 79' lang='lat' dir='ltr'>morit</span> 
     </span>
     <span class='ocr_line' id='line_1_4' title="bbox 162 549 919 626; baseline 0.003 -18"><span class='ocrx_word' id='word_1_19' title='bbox 162 550 228 609; x_wconf 89' lang='lat' dir='ltr'>Heu</span> <span class='ocrx_word' id='word_1_20' title='bbox 243 550 356 610; x_wconf 86' lang='lat' dir='ltr'>devota</span> <span class='ocrx_word' id='word_1_21' title='bbox 369 549 496 610; x_wconf 86' lang='lat' dir='ltr'>domus!</span> <span class='ocrx_word' id='word_1_22' title='bbox 518 549 598 610; x_wconf 90' lang='lat' dir='ltr'>solio</span> <span class='ocrx_word' id='word_1_23' title='bbox 614 551 703 611; x_wconf 89' lang='lat' dir='ltr'>sedet</span> <span class='ocrx_word' id='word_1_24' title='bbox 715 553 827 626; x_wconf 69' lang='lat' dir='ltr'>Agrios</span> <span class='ocrx_word' id='word_1_25' title='bbox 843 555 919 616; x_wconf 70' lang='lat' dir='ltr'>altoz</span> 
     </span>
     <span class='ocr_line' id='line_1_5' title="bbox 205 631 855 710; baseline 0.002 -18"><span class='ocrx_word' id='word_1_26' title='bbox 205 631 308 692; x_wconf 86' lang='lat' dir='ltr'>Oenea</span> <span class='ocrx_word' id='word_1_27' title='bbox 323 633 477 694; x_wconf 86' lang='lat' dir='ltr'>desertum</span> <span class='ocrx_word' id='word_1_28' title='bbox 492 633 575 694; x_wconf 89' lang='lat' dir='ltr'>nuda</span> <span class='ocrx_word' id='word_1_29' title='bbox 592 641 716 694; x_wconf 81' lang='lat' dir='ltr'>senecta</span> <span class='ocrx_word' id='word_1_30' title='bbox 731 637 855 710; x_wconf 69' lang='lat' dir='ltr'>premite</span> 
     </span>
     <span class='ocr_line' id='line_1_6' title="bbox 97 715 855 794; baseline -0.003 -16"><span class='ocrx_word' id='word_1_31' title='bbox 97 725 149 778; x_wconf 85' lang='grc'>155</span> <span class='ocrx_word' id='word_1_32' title='bbox 161 715 272 776; x_wconf 86' lang='lat' dir='ltr'>Exulat</span> <span class='ocrx_word' id='word_1_33' title='bbox 285 715 397 790; x_wconf 87' lang='lat' dir='ltr'>ignotis</span> <span class='ocrx_word' id='word_1_34' title='bbox 412 715 537 794; x_wconf 79' lang='lat' dir='ltr'>Tydeus</span> <span class='ocrx_word' id='word_1_35' title='bbox 553 733 716 792; x_wconf 79' lang='lat' dir='ltr'>germanus</span> <span class='ocrx_word' id='word_1_36' title='bbox 731 718 761 777; x_wconf 92' lang='lat' dir='ltr'>in</span> <span class='ocrx_word' id='word_1_37' title='bbox 777 721 855 780; x_wconf 77' lang='lat' dir='ltr'>oris:</span> 
     </span>
     <span class='ocr_line' id='line_1_7' title="bbox 203 799 706 874; baseline -0.004 -15"><span class='ocrx_word' id='word_1_38' title='bbox 203 801 290 861; x_wconf 86' lang='lat' dir='ltr'>Alter</span> <span class='ocrx_word' id='word_1_39' title='bbox 303 800 386 859; x_wconf 86' lang='lat' dir='ltr'>letali</span> <span class='ocrx_word' id='word_1_40' title='bbox 403 799 492 860; x_wconf 92' lang='lat' dir='ltr'>vivus</span> <span class='ocrx_word' id='word_1_41' title='bbox 507 800 537 859; x_wconf 93' lang='lat' dir='ltr'>in</span> <span class='ocrx_word' id='word_1_42' title='bbox 552 800 623 874; x_wconf 77' lang='lat' dir='ltr'>igne</span> <span class='ocrx_word' id='word_1_43' title='bbox 637 801 706 861; x_wconf 82' lang='lat' dir='ltr'>luit:</span> 
     </span>
     <span class='ocr_line' id='line_1_8' title="bbox 161 882 856 958; baseline 0.006 -17"><span class='ocrx_word' id='word_1_44' title='bbox 161 882 270 958; x_wconf 79' lang='lat' dir='ltr'>Exegit</span> <span class='ocrx_word' id='word_1_45' title='bbox 285 883 397 944; x_wconf 84' lang='lat' dir='ltr'>serrum</span> <span class='ocrx_word' id='word_1_46' title='bbox 413 899 471 943; x_wconf 90' lang='lat' dir='ltr'>sua</span> <span class='ocrx_word' id='word_1_47' title='bbox 486 899 541 958; x_wconf 90' lang='lat' dir='ltr'>per</span> <span class='ocrx_word' id='word_1_48' title='bbox 555 884 737 958; x_wconf 80' lang='lat' dir='ltr'>praecordia</span> <span class='ocrx_word' id='word_1_49' title='bbox 751 893 856 946; x_wconf 87' lang='lat' dir='ltr'>mater.</span> 
     </span>
     <span class='ocr_line' id='line_1_9' title="bbox 204 964 795 1041; baseline 0.003 -16"><span class='ocrx_word' id='word_1_50' title='bbox 204 966 300 1041; x_wconf 87' lang='lat' dir='ltr'>Impia</span> <span class='ocrx_word' id='word_1_51' title='bbox 315 966 388 1040; x_wconf 88' lang='lat' dir='ltr'>quid</span> <span class='ocrx_word' id='word_1_52' title='bbox 404 964 524 1026; x_wconf 89' lang='lat' dir='ltr'>dubitas</span> <span class='ocrx_word' id='word_1_53' title='bbox 539 967 682 1027; x_wconf 87' lang='lat' dir='ltr'>Deianira</span> <span class='ocrx_word' id='word_1_54' title='bbox 696 969 795 1028; x_wconf 81' lang='lat' dir='ltr'>morit</span> 
     </span>
     <span class='ocr_line' id='line_1_10' title="bbox 161 1048 924 1129; baseline 0.008 -21"><span class='ocrx_word' id='word_1_55' title='bbox 161 1049 318 1124; x_wconf 85' lang='lat' dir='ltr'>Deprecor</span> <span class='ocrx_word' id='word_1_56' title='bbox 333 1048 393 1110; x_wconf 89' lang='lat' dir='ltr'>hoo</span> <span class='ocrx_word' id='word_1_57' title='bbox 405 1066 497 1108; x_wconf 89' lang='lat' dir='ltr'>unum</span> <span class='ocrx_word' id='word_1_58' title='bbox 513 1065 568 1124; x_wconf 91' lang='lat' dir='ltr'>per</span> <span class='ocrx_word' id='word_1_59' title='bbox 582 1051 649 1110; x_wconf 88' lang='lat' dir='ltr'>iura</span> <span class='ocrx_word' id='word_1_60' title='bbox 664 1053 829 1112; x_wconf 80' lang='lat' dir='ltr'>sacerrima</span> <span class='ocrx_word' id='word_1_61' title='bbox 845 1053 924 1129; x_wconf 84' lang='lat' dir='ltr'>lecu,</span> 
     </span>
     <span class='ocr_line' id='line_1_11' title="bbox 95 1131 1013 1195; baseline -0.008 0"><span class='ocrx_word' id='word_1_62' title='bbox 95 1140 149 1195; x_wconf 86' lang='grc'>160</span> <span class='ocrx_word' id='word_1_63' title='bbox 201 1133 245 1191; x_wconf 90' lang='grc' dir='ltr'>Ν1</span> <span class='ocrx_word' id='word_1_64' title='bbox 259 1131 366 1191; x_wconf 86' lang='lat' dir='ltr'>videar</span> <span class='ocrx_word' id='word_1_65' title='bbox 383 1132 452 1190; x_wconf 90' lang='lat' dir='ltr'>latis</span> <span class='ocrx_word' id='word_1_66' title='bbox 466 1132 610 1192; x_wconf 86' lang='lat' dir='ltr'>insidiata</span> <span class='ocrx_word' id='word_1_67' title='bbox 624 1134 693 1192; x_wconf 90' lang='lat' dir='ltr'>tuis.</span> <span class='ocrx_word' id='word_1_68' title='bbox 1011 1183 1013 1188; x_wconf 83' lang='grc'><strong>.</strong></span> 
     </span>
     <span class='ocr_line' id='line_1_12' title="bbox 161 1213 1003 1294; baseline 0.007 -21"><span class='ocrx_word' id='word_1_69' title='bbox 161 1215 278 1274; x_wconf 87' lang='lat' dir='ltr'>Nessus</span> <span class='ocrx_word' id='word_1_70' title='bbox 293 1220 326 1274; x_wconf 91' lang='lat' dir='ltr'>ut</span> <span class='ocrx_word' id='word_1_71' title='bbox 336 1221 388 1290; x_wconf 77' lang='lat' dir='ltr'>est</span> <span class='ocrx_word' id='word_1_72' title='bbox 402 1215 525 1274; x_wconf 88' lang='lat' dir='ltr'>avidum</span> <span class='ocrx_word' id='word_1_73' title='bbox 539 1213 708 1288; x_wconf 83' lang='lat' dir='ltr'>percussus</span> <span class='ocrx_word' id='word_1_74' title='bbox 724 1217 873 1277; x_wconf 89' lang='lat' dir='ltr'>arundine</span> <span class='ocrx_word' id='word_1_75' title='bbox 887 1225 1003 1294; x_wconf 87' lang='lat' dir='ltr'>peetus,</span> 
     </span>
     <span class='ocr_line' id='line_1_13' title="bbox 206 1296 888 1372; baseline 0.007 -16"><span class='ocrx_word' id='word_1_76' title='bbox 206 1297 286 1357; x_wconf 81' lang='lat' dir='ltr'>‘Hie’</span> <span class='ocrx_word' id='word_1_77' title='bbox 302 1296 378 1357; x_wconf 80' lang='lat' dir='ltr'>dixit</span> <span class='ocrx_word' id='word_1_78' title='bbox 393 1297 488 1358; x_wconf 75' lang='lat' dir='ltr'>‘vires</span> <span class='ocrx_word' id='word_1_79' title='bbox 503 1298 628 1372; x_wconf 79' lang='lat' dir='ltr'>sanguis</span> <span class='ocrx_word' id='word_1_80' title='bbox 646 1299 759 1359; x_wconf 88' lang='lat' dir='ltr'>amoris</span> <span class='ocrx_word' id='word_1_81' title='bbox 773 1299 888 1361; x_wconf 65' lang='lat' dir='ltr'>habet?</span> 
     </span>
     <span class='ocr_line' id='line_1_14' title="bbox 161 1379 774 1442; baseline 0.005 -4"><span class='ocrx_word' id='word_1_82' title='bbox 161 1380 249 1442; x_wconf 86' lang='lat' dir='ltr'>Inlita</span> <span class='ocrx_word' id='word_1_83' title='bbox 263 1382 381 1440; x_wconf 90' lang='lat' dir='ltr'>Nesseo</span> <span class='ocrx_word' id='word_1_84' title='bbox 397 1379 466 1440; x_wconf 87' lang='lat' dir='ltr'>misi</span> <span class='ocrx_word' id='word_1_85' title='bbox 479 1382 532 1441; x_wconf 88' lang='lat' dir='ltr'>tibi</span> <span class='ocrx_word' id='word_1_86' title='bbox 547 1390 630 1442; x_wconf 87' lang='lat' dir='ltr'>texta</span> <span class='ocrx_word' id='word_1_87' title='bbox 645 1395 774 1442; x_wconf 86' lang='lat' dir='ltr'>ueneno.</span> 
     </span>
     <span class='ocr_line' id='line_1_15' title="bbox 203 1463 795 1539; baseline 0.003 -15"><span class='ocrx_word' id='word_1_88' title='bbox 203 1465 300 1539; x_wconf 89' lang='lat' dir='ltr'>impia</span> <span class='ocrx_word' id='word_1_89' title='bbox 315 1465 390 1539; x_wconf 90' lang='lat' dir='ltr'>quid</span> <span class='ocrx_word' id='word_1_90' title='bbox 406 1463 527 1524; x_wconf 86' lang='lat' dir='ltr'>dubitas</span> <span class='ocrx_word' id='word_1_91' title='bbox 541 1466 683 1526; x_wconf 88' lang='lat' dir='ltr'>Deianira</span> <span class='ocrx_word' id='word_1_92' title='bbox 693 1467 795 1528; x_wconf 79' lang='lat' dir='ltr'>morit</span> 
     </span>
     <span class='ocr_line' id='line_1_16' title="bbox 96 1548 1015 1626; baseline 0.003 -18"><span class='ocrx_word' id='word_1_93' title='bbox 96 1557 147 1610; x_wconf 87' lang='grc'>165</span> <span class='ocrx_word' id='word_1_94' title='bbox 159 1548 286 1620; x_wconf 90' lang='lat' dir='ltr'>Iamque</span> <span class='ocrx_word' id='word_1_95' title='bbox 301 1549 382 1618; x_wconf 90' lang='lat' dir='ltr'>vale,</span> <span class='ocrx_word' id='word_1_96' title='bbox 407 1548 571 1623; x_wconf 91' lang='lat' dir='ltr'>seniorque</span> <span class='ocrx_word' id='word_1_97' title='bbox 587 1557 672 1624; x_wconf 91' lang='lat' dir='ltr'>pater</span> <span class='ocrx_word' id='word_1_98' title='bbox 685 1549 892 1625; x_wconf 78' lang='lat' dir='ltr'>gennanaque</span> <span class='ocrx_word' id='word_1_99' title='bbox 906 1551 1015 1626; x_wconf 83' lang='lat' dir='ltr'>Gorge,</span> 
     </span>
     <span class='ocr_line' id='line_1_17' title="bbox 203 1630 883 1709; baseline 0.006 -21"><span class='ocrx_word' id='word_1_100' title='bbox 203 1630 240 1690; x_wconf 87' lang='lat' dir='ltr'>Et</span> <span class='ocrx_word' id='word_1_101' title='bbox 254 1631 352 1704; x_wconf 90' lang='lat' dir='ltr'>patria</span> <span class='ocrx_word' id='word_1_102' title='bbox 367 1637 397 1689; x_wconf 92' lang='lat' dir='ltr'>et</span> <span class='ocrx_word' id='word_1_103' title='bbox 411 1632 528 1704; x_wconf 85' lang='lat' dir='ltr'>patriae</span> <span class='ocrx_word' id='word_1_104' title='bbox 543 1633 634 1693; x_wconf 84' lang='lat' dir='ltr'>trater</span> <span class='ocrx_word' id='word_1_105' title='bbox 649 1632 790 1709; x_wconf 89' lang='lat' dir='ltr'>adempte</span> <span class='ocrx_word' id='word_1_106' title='bbox 804 1639 883 1705; x_wconf 90' lang='lat' dir='ltr'>tuae,</span> 
     </span>
     <span class='ocr_line' id='line_1_18' title="bbox 161 1712 907 1791; baseline 0.008 -19"><span class='ocrx_word' id='word_1_107' title='bbox 161 1713 200 1773; x_wconf 85' lang='lat' dir='ltr'>Et</span> <span class='ocrx_word' id='word_1_108' title='bbox 213 1720 244 1773; x_wconf 91' lang='lat' dir='ltr'>tu</span> <span class='ocrx_word' id='word_1_109' title='bbox 260 1713 312 1772; x_wconf 87' lang='lat' dir='ltr'>lux</span> <span class='ocrx_word' id='word_1_110' title='bbox 327 1712 424 1773; x_wconf 87' lang='lat' dir='ltr'>oeulis</span> <span class='ocrx_word' id='word_1_111' title='bbox 439 1712 588 1773; x_wconf 85' lang='lat' dir='ltr'>hodierna</span> <span class='ocrx_word' id='word_1_112' title='bbox 603 1717 770 1778; x_wconf 88' lang='lat' dir='ltr'>novissima</span> <span class='ocrx_word' id='word_1_113' title='bbox 785 1719 907 1791; x_wconf 90' lang='lat' dir='ltr'>nostris,</span> 
     </span>
     <span class='ocr_line' id='line_1_19' title="bbox 205 1797 996 1877; baseline 0.005 -22"><span class='ocrx_word' id='word_1_114' title='bbox 205 1797 359 1871; x_wconf 90' lang='lat' dir='ltr'>Virque‚..</span> <span class='ocrx_word' id='word_1_115' title='bbox 381 1797 438 1856; x_wconf 91' lang='lat' dir='ltr'>sed</span> <span class='ocrx_word' id='word_1_116' title='bbox 455 1813 472 1856; x_wconf 91' lang='lat' dir='ltr'>o</span> <span class='ocrx_word' id='word_1_117' title='bbox 489 1799 628 1871; x_wconf 82' lang='lat' dir='ltr'>possisr..</span> <span class='ocrx_word' id='word_1_118' title='bbox 652 1807 682 1858; x_wconf 89' lang='lat' dir='ltr'>et</span> <span class='ocrx_word' id='word_1_119' title='bbox 696 1816 773 1875; x_wconf 87' lang='lat' dir='ltr'>puer</span> <span class='ocrx_word' id='word_1_120' title='bbox 785 1801 891 1877; x_wconf 82' lang='lat' dir='ltr'>Hylle,</span> <span class='ocrx_word' id='word_1_121' title='bbox 916 1801 996 1860; x_wconf 88' lang='lat' dir='ltr'>valet</span> 
     </span>
    </p>
   </div>
   <div class='ocr_carea' id='block_1_3' title="bbox 484 1931 688 1943">
    <p class='ocr_par' dir='ltr' id='par_1_3' title="bbox 484 1931 688 1943">
     <span class='ocr_line' id='line_1_20' title="bbox 484 1931 688 1943; baseline 0.01 -2"><span class='ocrx_word' id='word_1_122' title='bbox 484 1931 688 1943; x_wconf 65' lang='lat'>11-—</span> 
     </span>
    </p>
   </div>
   <div class='ocr_carea' id='block_1_4' title="bbox 563 2013 599 2076">
    <p class='ocr_par' dir='ltr' id='par_1_4' title="bbox 563 2013 599 2076">
     <span class='ocr_line' id='line_1_21' title="bbox 563 2013 599 2076; baseline -0.083 0"><span class='ocrx_word' id='word_1_123' title='bbox 563 2013 599 2076; x_wconf 86' lang='lat' dir='ltr'>X.</span> 
     </span>
    </p>
   </div>
   <div class='ocr_carea' id='block_1_5' title="bbox 115 2092 1039 3537">
    <p class='ocr_par' dir='ltr' id='par_1_5' title="bbox 115 2092 1039 3537">
     <span class='ocr_line' id='line_1_22' title="bbox 161 2092 913 2205; baseline 0.004 -20"><span class='ocrx_word' id='word_1_124' title='bbox 161 2092 270 2189; x_wconf 78' lang='lat' dir='ltr'>Mitius</span> <span class='ocrx_word' id='word_1_125' title='bbox 286 2129 389 2190; x_wconf 88' lang='lat' dir='ltr'>inveni</span> <span class='ocrx_word' id='word_1_126' title='bbox 404 2145 496 2205; x_wconf 89' lang='lat' dir='ltr'>quam</span> <span class='ocrx_word' id='word_1_127' title='bbox 511 2137 539 2190; x_wconf 89' lang='lat' dir='ltr'>te</span> <span class='ocrx_word' id='word_1_128' title='bbox 555 2145 651 2205; x_wconf 83' lang='lat' dir='ltr'>genus</span> <span class='ocrx_word' id='word_1_129' title='bbox 668 2146 758 2192; x_wconf 92' lang='lat' dir='ltr'>omne</span> <span class='ocrx_word' id='word_1_130' title='bbox 773 2132 913 2194; x_wconf 83' lang='lat' dir='ltr'>terarum.</span> 
     </span>
     <span class='ocr_line' id='line_1_23' title="bbox 204 2211 855 2290; baseline 0.003 -19"><span class='ocrx_word' id='word_1_131' title='bbox 204 2211 324 2272; x_wconf 80' lang='lat' dir='ltr'>Credita</span> <span class='ocrx_word' id='word_1_132' title='bbox 338 2229 400 2272; x_wconf 89' lang='lat' dir='ltr'>non</span> <span class='ocrx_word' id='word_1_133' title='bbox 416 2214 468 2273; x_wconf 94' lang='lat' dir='ltr'>ulli</span> <span class='ocrx_word' id='word_1_134' title='bbox 484 2229 575 2287; x_wconf 90' lang='lat' dir='ltr'>quam</span> <span class='ocrx_word' id='word_1_135' title='bbox 589 2213 643 2274; x_wconf 87' lang='lat' dir='ltr'>tibi</span> <span class='ocrx_word' id='word_1_136' title='bbox 659 2215 747 2290; x_wconf 90' lang='lat' dir='ltr'>peius</span> <span class='ocrx_word' id='word_1_137' title='bbox 763 2231 855 2274; x_wconf 89' lang='lat' dir='ltr'>eram.</span> 
     </span>
     <span class='ocr_line' id='line_1_24' title="bbox 162 2294 940 2372; baseline 0.004 -17"><span class='ocrx_word' id='word_1_138' title='bbox 162 2294 244 2368; x_wconf 81' lang='lat' dir='ltr'>Quae</span> <span class='ocrx_word' id='word_1_139' title='bbox 259 2296 350 2371; x_wconf 84' lang='lat' dir='ltr'>legis,</span> <span class='ocrx_word' id='word_1_140' title='bbox 374 2312 413 2356; x_wconf 88' lang='lat' dir='ltr'>ex</span> <span class='ocrx_word' id='word_1_141' title='bbox 428 2298 495 2370; x_wconf 89' lang='lat' dir='ltr'>illo,</span> <span class='ocrx_word' id='word_1_142' title='bbox 517 2297 653 2372; x_wconf 87' lang='lat' dir='ltr'>Theseu,</span> <span class='ocrx_word' id='word_1_143' title='bbox 676 2299 729 2358; x_wconf 91' lang='lat' dir='ltr'>tibi</span> <span class='ocrx_word' id='word_1_144' title='bbox 746 2299 833 2359; x_wconf 89' lang='lat' dir='ltr'>litore</span> <span class='ocrx_word' id='word_1_145' title='bbox 847 2298 940 2370; x_wconf 90' lang='lat' dir='ltr'>mitto,</span> 
     </span>
     <span class='ocr_line' id='line_1_25' title="bbox 202 2380 849 2442; baseline -0.005 -3"><span class='ocrx_word' id='word_1_146' title='bbox 202 2380 291 2439; x_wconf 91' lang='lat' dir='ltr'>Unde</span> <span class='ocrx_word' id='word_1_147' title='bbox 304 2387 386 2440; x_wconf 89' lang='lat' dir='ltr'>tuam</span> <span class='ocrx_word' id='word_1_148' title='bbox 402 2381 469 2440; x_wconf 91' lang='lat' dir='ltr'>sine</span> <span class='ocrx_word' id='word_1_149' title='bbox 483 2395 533 2439; x_wconf 93' lang='lat' dir='ltr'>me</span> <span class='ocrx_word' id='word_1_150' title='bbox 546 2382 616 2441; x_wconf 87' lang='lat' dir='ltr'>vela</span> <span class='ocrx_word' id='word_1_151' title='bbox 630 2384 726 2442; x_wconf 87' lang='lat' dir='ltr'>tulere</span> <span class='ocrx_word' id='word_1_152' title='bbox 740 2390 849 2442; x_wconf 82' lang='lat' dir='ltr'>ratem:</span> 
     </span>
     <span class='ocr_line' id='line_1_26' title="bbox 130 2462 1026 2541; baseline 0.004 -19"><span class='ocrx_word' id='word_1_153' title='bbox 130 2462 193 2522; x_wconf 86' lang='grc'><strong>5111</strong></span> <span class='ocrx_word' id='word_1_154' title='bbox 210 2479 271 2536; x_wconf 89' lang='lat' dir='ltr'>quo</span> <span class='ocrx_word' id='word_1_155' title='bbox 283 2479 332 2523; x_wconf 92' lang='lat' dir='ltr'>me</span> <span class='ocrx_word' id='word_1_156' title='bbox 348 2479 537 2539; x_wconf 86' lang='lat' dir='ltr'>somnusque</span> <span class='ocrx_word' id='word_1_157' title='bbox 551 2480 637 2525; x_wconf 91' lang='lat' dir='ltr'>meus</span> <span class='ocrx_word' id='word_1_158' title='bbox 652 2468 730 2526; x_wconf 89' lang='lat' dir='ltr'>male</span> <span class='ocrx_word' id='word_1_159' title='bbox 746 2465 882 2541; x_wconf 87' lang='lat' dir='ltr'>prodidit</span> <span class='ocrx_word' id='word_1_160' title='bbox 895 2471 925 2526; x_wconf 85' lang='lat' dir='ltr'>et</span> <span class='ocrx_word' id='word_1_161' title='bbox 938 2473 979 2540; x_wconf 90' lang='lat' dir='ltr'>tu,</span> <span class='ocrx_word' id='word_1_162' title='bbox 1025 2531 1026 2534; x_wconf 49' lang='lat'>,</span> 
     </span>
     <span class='ocr_line' id='line_1_27' title="bbox 204 2545 788 2610; baseline 0.009 -7"><span class='ocrx_word' id='word_1_163' title='bbox 204 2545 261 2605; x_wconf 86' lang='lat' dir='ltr'>Per</span> <span class='ocrx_word' id='word_1_164' title='bbox 277 2547 395 2607; x_wconf 84' lang='lat' dir='ltr'>lacinus</span> <span class='ocrx_word' id='word_1_165' title='bbox 411 2549 528 2607; x_wconf 91' lang='lat' dir='ltr'>somnis</span> <span class='ocrx_word' id='word_1_166' title='bbox 545 2547 687 2608; x_wconf 88' lang='lat' dir='ltr'>insidiate</span> <span class='ocrx_word' id='word_1_167' title='bbox 702 2550 788 2610; x_wconf 89' lang='lat' dir='ltr'>meis.</span> 
     </span>
     <span class='ocr_line' id='line_1_28' title="bbox 157 2628 946 2709; baseline 0.008 -23"><span class='ocrx_word' id='word_1_168' title='bbox 157 2628 291 2704; x_wconf 82' lang='lat' dir='ltr'>&#39;lempus</span> <span class='ocrx_word' id='word_1_169' title='bbox 307 2637 385 2702; x_wconf 89' lang='lat' dir='ltr'>erat,</span> <span class='ocrx_word' id='word_1_170' title='bbox 409 2632 504 2691; x_wconf 89' lang='lat' dir='ltr'>vitrea</span> <span class='ocrx_word' id='word_1_171' title='bbox 518 2646 582 2707; x_wconf 89' lang='lat' dir='ltr'>quo</span> <span class='ocrx_word' id='word_1_172' title='bbox 596 2633 725 2705; x_wconf 91' lang='lat' dir='ltr'>primum</span> <span class='ocrx_word' id='word_1_173' title='bbox 742 2640 823 2693; x_wconf 89' lang='lat' dir='ltr'>terra</span> <span class='ocrx_word' id='word_1_174' title='bbox 837 2634 946 2709; x_wconf 89' lang='lat' dir='ltr'>pruina</span> 
     </span>
     <span class='ocr_line' id='line_1_29' title="bbox 203 2711 926 2790; baseline -0.001 -19"><span class='ocrx_word' id='word_1_175' title='bbox 203 2711 363 2787; x_wconf 82' lang='lat' dir='ltr'>Spargitur</span> <span class='ocrx_word' id='word_1_176' title='bbox 377 2720 407 2772; x_wconf 92' lang='lat' dir='ltr'>et</span> <span class='ocrx_word' id='word_1_177' title='bbox 421 2721 519 2774; x_wconf 82' lang='lat' dir='ltr'>tectae</span> <span class='ocrx_word' id='word_1_178' title='bbox 533 2715 642 2774; x_wconf 89' lang='lat' dir='ltr'>lronde</span> <span class='ocrx_word' id='word_1_179' title='bbox 657 2723 823 2790; x_wconf 88' lang='lat' dir='ltr'>queruntur</span> <span class='ocrx_word' id='word_1_180' title='bbox 837 2731 926 2776; x_wconf 81' lang='lat' dir='ltr'>aves:</span> 
     </span>
     <span class='ocr_line' id='line_1_30' title="bbox 158 2796 923 2874; baseline 0.005 -20"><span class='ocrx_word' id='word_1_181' title='bbox 158 2797 308 2855; x_wconf 89' lang='lat' dir='ltr'>lnoertum</span> <span class='ocrx_word' id='word_1_182' title='bbox 323 2796 469 2870; x_wconf 81' lang='lat' dir='ltr'>vigilans,</span> <span class='ocrx_word' id='word_1_183' title='bbox 492 2814 634 2858; x_wconf 88' lang='lat' dir='ltr'>asomno</span> <span class='ocrx_word' id='word_1_184' title='bbox 650 2799 808 2874; x_wconf 83' lang='lat' dir='ltr'>languida,</span> <span class='ocrx_word' id='word_1_185' title='bbox 830 2799 923 2872; x_wconf 49' lang='lat' dir='ltr'>movi,</span> 
     </span>
     <span class='ocr_line' id='line_1_31' title="bbox 117 2877 932 2956; baseline -0.001 -16"><span class='ocrx_word' id='word_1_186' title='bbox 117 2889 152 2940; x_wconf 88' lang='lat'>10</span> <span class='ocrx_word' id='word_1_187' title='bbox 204 2877 321 2938; x_wconf 88' lang='lat' dir='ltr'>Thesea</span> <span class='ocrx_word' id='word_1_188' title='bbox 337 2896 505 2954; x_wconf 86' lang='lat' dir='ltr'>prensuras</span> <span class='ocrx_word' id='word_1_189' title='bbox 521 2881 711 2956; x_wconf 88' lang='lat' dir='ltr'>semisupina</span> <span class='ocrx_word' id='word_1_190' title='bbox 724 2899 848 2942; x_wconf 70' lang='lat' dir='ltr'>manase</span> <span class='ocrx_word' id='word_1_191' title='bbox 922 2896 932 2904; x_wconf 93' lang='lat'><strong>·</strong></span> 
     </span>
     <span class='ocr_line' id='line_1_32' title="bbox 159 2961 1039 3041; baseline 0.008 -22"><span class='ocrx_word' id='word_1_192' title='bbox 159 2961 265 3021; x_wconf 86' lang='lat' dir='ltr'>Nullus</span> <span class='ocrx_word' id='word_1_193' title='bbox 279 2970 352 3021; x_wconf 90' lang='lat' dir='ltr'>erat.</span> <span class='ocrx_word' id='word_1_194' title='bbox 375 2963 539 3037; x_wconf 81' lang='lat' dir='ltr'>referoque</span> <span class='ocrx_word' id='word_1_195' title='bbox 555 2967 678 3038; x_wconf 88' lang='lat' dir='ltr'>manus,</span> <span class='ocrx_word' id='word_1_196' title='bbox 699 2967 868 3041; x_wconf 88' lang='lat' dir='ltr'>iterumque</span> <span class='ocrx_word' id='word_1_197' title='bbox 880 2972 1039 3041; x_wconf 69' lang='lat' dir='ltr'>retempto</span> 
     </span>
     <span class='ocr_line' id='line_1_33' title="bbox 200 3043 940 3118; baseline 0.005 -14"><span class='ocrx_word' id='word_1_198' title='bbox 200 3043 317 3118; x_wconf 84' lang='lat' dir='ltr'>Perque</span> <span class='ocrx_word' id='word_1_199' title='bbox 332 3053 430 3106; x_wconf 91' lang='lat' dir='ltr'>torum</span> <span class='ocrx_word' id='word_1_200' title='bbox 445 3062 556 3106; x_wconf 86' lang='lat' dir='ltr'>moveo</span> <span class='ocrx_word' id='word_1_201' title='bbox 571 3048 723 3108; x_wconf 83' lang='lat' dir='ltr'>bracchia.</span> <span class='ocrx_word' id='word_1_202' title='bbox 749 3050 849 3109; x_wconf 90' lang='lat' dir='ltr'>nullus</span> <span class='ocrx_word' id='word_1_203' title='bbox 866 3058 940 3110; x_wconf 89' lang='lat' dir='ltr'>erat.</span> 
     </span>
     <span class='ocr_line' id='line_1_34' title="bbox 158 3127 913 3206; baseline 0.008 -20"><span class='ocrx_word' id='word_1_204' title='bbox 158 3127 333 3197; x_wconf 79' lang='lat' dir='ltr'>Excussere</span> <span class='ocrx_word' id='word_1_205' title='bbox 346 3137 444 3190; x_wconf 90' lang='lat' dir='ltr'>metus</span> <span class='ocrx_word' id='word_1_206' title='bbox 460 3147 609 3192; x_wconf 90' lang='lat' dir='ltr'>somnum.</span> <span class='ocrx_word' id='word_1_207' title='bbox 633 3134 795 3192; x_wconf 85' lang='lat' dir='ltr'>conterrita</span> <span class='ocrx_word' id='word_1_208' title='bbox 811 3147 913 3206; x_wconf 80' lang='lat' dir='ltr'>surgo,</span> 
     </span>
     <span class='ocr_line' id='line_1_35' title="bbox 200 3211 896 3290; baseline 0.003 -20"><span class='ocrx_word' id='word_1_209' title='bbox 200 3211 398 3288; x_wconf 86' lang='lat' dir='ltr'>Membraque</span> <span class='ocrx_word' id='word_1_210' title='bbox 414 3221 485 3274; x_wconf 87' lang='lat' dir='ltr'>sunt</span> <span class='ocrx_word' id='word_1_211' title='bbox 498 3214 590 3274; x_wconf 91' lang='lat' dir='ltr'>viduo</span> <span class='ocrx_word' id='word_1_212' title='bbox 607 3216 804 3290; x_wconf 81' lang='lat' dir='ltr'>praecipitata</span> <span class='ocrx_word' id='word_1_213' title='bbox 818 3223 896 3275; x_wconf 86' lang='lat' dir='ltr'>toro.</span> 
     </span>
     <span class='ocr_line' id='line_1_36' title="bbox 115 3293 913 3373; baseline 0.004 -19"><span class='ocrx_word' id='word_1_214' title='bbox 115 3303 148 3356; x_wconf 91' lang='grc'>15</span> <span class='ocrx_word' id='word_1_215' title='bbox 159 3293 298 3354; x_wconf 84' lang='lat' dir='ltr'>Protinus</span> <span class='ocrx_word' id='word_1_216' title='bbox 313 3296 455 3357; x_wconf 84' lang='lat' dir='ltr'>adductis</span> <span class='ocrx_word' id='word_1_217' title='bbox 471 3306 639 3358; x_wconf 87' lang='lat' dir='ltr'>sonuerunt</span> <span class='ocrx_word' id='word_1_218' title='bbox 654 3307 778 3373; x_wconf 83' lang='lat' dir='ltr'>pectora</span> <span class='ocrx_word' id='word_1_219' title='bbox 794 3299 913 3372; x_wconf 89' lang='lat' dir='ltr'>palmis,</span> 
     </span>
     <span class='ocr_line' id='line_1_37' title="bbox 200 3377 979 3455; baseline 0 -17"><span class='ocrx_word' id='word_1_220' title='bbox 200 3377 301 3452; x_wconf 91' lang='lat' dir='ltr'>thue</span> <span class='ocrx_word' id='word_1_221' title='bbox 317 3387 414 3438; x_wconf 89' lang='lat' dir='ltr'>erate</span> <span class='ocrx_word' id='word_1_222' title='bbox 431 3396 540 3440; x_wconf 92' lang='lat' dir='ltr'>somno</span> <span class='ocrx_word' id='word_1_223' title='bbox 556 3381 691 3452; x_wconf 87' lang='lat' dir='ltr'>turbida,</span> <span class='ocrx_word' id='word_1_224' title='bbox 713 3389 801 3455; x_wconf 89' lang='lat' dir='ltr'>rapta</span> <span class='ocrx_word' id='word_1_225' title='bbox 816 3396 904 3439; x_wconf 80' lang='lat' dir='ltr'>coma</span> <span class='ocrx_word' id='word_1_226' title='bbox 922 3389 979 3440; x_wconf 90' lang='lat' dir='ltr'>est.</span> 
     </span>
     <span class='ocr_line' id='line_1_38' title="bbox 154 3459 920 3537; baseline 0.001 -18"><span class='ocrx_word' id='word_1_227' title='bbox 154 3459 239 3520; x_wconf 89' lang='lat' dir='ltr'>Luna</span> <span class='ocrx_word' id='word_1_228' title='bbox 253 3462 317 3520; x_wconf 90' lang='lat' dir='ltr'>luit.</span> <span class='ocrx_word' id='word_1_229' title='bbox 343 3470 466 3536; x_wconf 81' lang='lat' dir='ltr'>specto,</span> <span class='ocrx_word' id='word_1_230' title='bbox 491 3464 590 3537; x_wconf 91' lang='lat' dir='ltr'>siquid</span> <span class='ocrx_word' id='word_1_231' title='bbox 607 3465 665 3522; x_wconf 88' lang='lat' dir='ltr'>nisi</span> <span class='ocrx_word' id='word_1_232' title='bbox 681 3465 768 3522; x_wconf 88' lang='lat' dir='ltr'>litora</span> <span class='ocrx_word' id='word_1_233' title='bbox 784 3479 920 3522; x_wconf 86' lang='lat' dir='ltr'>cernam=</span> 
     </span>
    </p>
   </div>
   <div class='ocr_carea' id='block_1_6' title="bbox 0 0 1248 4006">
    <p class='ocr_par' dir='ltr' id='par_1_6' title="bbox 0 0 1248 4006">
     <span class='ocr_line' id='line_1_39' title="bbox 0 0 1248 4006; baseline 0 0"><span class='ocrx_word' id='word_1_234' title='bbox 0 0 1248 4006; x_wconf 95' lang='lat' dir='ltr'> </span> 
     </span>
    </p>
   </div>
  </div>
 </body>
</html>
