2488 4006
124 259 190 323 ³114
514 253 762 320 HEROIDES.

211 413 347 486 Paride,
371 412 505 472 sensisti.
530 412 599 486 quis
615 411 695 470 enim
711 411 790 472 benc
806 411 885 471 celat
899 423 1056 474 amorem?

254 496 374 556 Eminet
389 496 502 555 indicio
517 495 639 571 prodita
654 495 778 554 flamma
793 512 861 554 suo.
907 535 910 540 -

165 609 169 620 f
211 579 326 640 Dicitur
340 579 455 640 interea
470 579 522 656 tibi
538 581 603 651 tex,
626 586 659 638 ut
669 580 753 638 ‘dura
768 579 901 638 ferorum

169 673 204 726 40
257 663 383 722 insolito
399 679 557 738 premeres
572 677 697 722 vomere
712 663 792 722 cotia
806 659 909 722 buum.
1080 731 1081 734 Ἴ

212 747 316 806 Martis
332 755 419 806 erant-
431 746 508 806 tauri
525 749 593 821 plus
610 763 700 826 quam
716 761 772 820 per
787 754 903 807 c'omua
917 749 1012 823 saevi,

254 831 388 903 Quorum
402 829 545 890 terribilis
561 829 685 904 spiritus
700 831 875 904 igniserat:
922 857 924 862 v

210 916 291 973 Aere
306 915 403 989 pedes
419 913 527 986 solidi,
550 919 772 988 praetentaque
787 913 913 996 naribus
929 931 1009 992 aeru,

252 998 343 1072 Nigra
356 1015 413 1073 per
426 996 558 1057 adflatus
574 996 652 1057 haec
669 1009 793 1072 queque
807 997 888 1057 tacta
904 1015 990 1080 suos.

167 1091 201 1142 45
213 1079 337 1142 Semina
352 1088 511 1156 praeterea
526 1081 661 1156 populus
679 1082 818 1154 genitura
833 1080 946 1142 iuberis

254 1164 407 1240 Spargere
423 1165 538 1225 devota
551 1167 611 1225 tata
628 1181 683 1239 per
697 1181 771 1223 arva
785 1181 886 1236 manu,
950 1241 955 1248 .
987 1194 999 1207 ·

212 1248 268 1322 Qui
285 1256 421 1323 peterent
437 1249 515 1308 natis
530 1243 635 1308 secum
649 1255 701 1306 tua
717 1263 847 1323 corpora
863 1249 945 1309 tetist

252 1331 306 1391 lita
322 1338 369 1392 est
383 1333 538 1406 agricolae
552 1331 663 1391 messis
678 1333 783 1407 iniqua
799 1348 866 1398 suc.
918 1371 919 1376 η

209 1415 338 1475 Lumina
352 1416 506 1488 custodis,
528 1414 730 1475 succumbere
744 1417 850 1476 nescia
865 1432 983 1492 somno,

167 1509 203 1562 50
221 1524 224 1531 ·
254 1499 386 1560 Ultimus
402 1506 449 1558 est
465 1499 567 1572 aliqua
576 1493 726 1573 'decipere
742 1506 806 1560 arte
821 1500 917 1560 iabou

209 1583 335 1642 Dixerat
349 1585 472 1642 Aeetes.
497 1583 604 1642 maesti
619 1583 806 1657 consurgitis
821 1596 939 1658 omnes,
993 1655 995 1659 Ι

250 1667 421 1742 Mensaque
435 1681 608 1742 purpureos
626 1667 739 1726 descrit
753 1667 813 1727 atta
827 1675 924 1728 turus.

210 1750 305 1824 Quam
319 1749 372 1810 tibi
389 1757 461 1812 tunc
477 1751 569 1832 longe
583 1765 710 1824 regnum
726 1751 827 1810 dotale
843 1747 980 1812 Creusae

251 1835 289 1892 Et
306 1850 396 1894 socer
411 1842 441 1894 et
455 1835 556 1910 magni
572 1841 643 1894 nata
659 1834 796 1894 Creontis
812 1841 917 1894 crantt

167 1929 200 1980 55
211 1915 317 1978 Tristis
333 1918 408 1978 abis.
433 1919 530 1979 oculis
546 1918 709 1979 abeuntem
725 1930 900 1994 prosequor
913 1919 993 1992 udis,

250 2003 288 2062 Et
303 2002 380 2062 dixit
393 2003 477 2062 tenui
491 2017 644 2062 murmure
658 2003 763 2077 lingua
777 2003 891 2061 ‘vaiet’

207 2086 247 2146 Ut
264 2086 398 2161 positum
413 2087 497 2161 tetigi
512 2085 738 2156 thalamo-mate
754 2087 861 2146 saucia
875 2087 995 2162 lectum·
1043 2138 1045 2144 .

249 2172 328 2242 Acta
343 2176 391 2230 est
407 2186 463 2244 per
481 2171 622 2230 lacrimas
637 2186 701 2229 nox
716 2169 802 2241 mihi,
828 2176 942 2244 quanta
957 2171 1020 2231 tuit.

207 2255 288 2312 Ante
304 2249 411 2312 ocutos
426 2253 567 2328 taurique
582 2269 669 2313 meus
685 2260 871 2329 segetesque
886 2254 1046 2327 netandae,

165 2345 200 2399 60
251 2338 332 2396 Ante
346 2353 433 2397 meos
449 2339 557 2399 ucuics
574 2337 701 2412 pervigii
714 2338 823 2412 anguis
839 2345 913 2397 emt.

206 2419 285 2479 Hinc
300 2437 400 2494 amur,
424 2421 494 2480 hinc
505 2422 595 2497 timor
607 2429 663 2481 est.
686 2423 789 2497 ipsum
799 2423 891 2482 timor
900 2429 991 2496 auget
1003 2436 1150 2482 amorem.

249 2504 339 2562 Mane
354 2511 432 2577 erat,
456 2512 486 2564 et
499 2505 632 2564 thalamo
649 2521 721 2564 cara
738 2511 865 2581 recepta
880 2522 969 2566 soror

206 2587 434 2663 Disiectamque
450 2603 554 2648 comas
570 2590 764 2668 adversaque
780 2591 809 2648 in
827 2607 882 2650 cra
896 2591 1044 2650 iacentem

249 2671 380 2746 invenit,
404 2679 434 2731 et
447 2673 581 2732 lacrimis
597 2674 698 2734 omnia
714 2675 805 2748 piena
819 2673 907 2734 meis.

164 2763 198 2818 65
211 2755 283 2816 Orat
297 2771 389 2830 opem
403 2755 527 2834 Minyis.
551 2758 626 2831 petit
642 2760 751 2829 attera,
773 2761 803 2817 tt
817 2760 912 2816 attera
926 2755 1074 2817 habebat:

247 2841 388 2900 Aesonia
403 2841 506 2902 iuveni
522 2843 605 2916 quod
621 2848 709 2916 rogat
724 2841 790 2914 itta,
811 2841 930 2900 damus.

205 2923 261 2983 Est
275 2939 382 2984 nemus
397 2931 427 2983 et
441 2924 538 2999 piceis
554 2931 583 2984 et
597 2925 757 2985 frondibus
773 2925 850 2984 iticis
866 2932 972 2998 utrum,

247 3007 309 3066 Vix
323 3008 394 3068 iiiuc
408 3009 503 3069 radiis
520 3009 595 3068 sotis
611 3009 697 3068 adire
711 3009 791 3068 licet.
844 3031 848 3089 ¹*

207 3089 284 3151 Sunt
298 3092 328 3152 in
344 3109 413 3152 ec...
431 3093 552 3153 fuerant
567 3098 678 3152 certe...
695 3092 823 3152 delubra
840 3093 972 3155 Dianae:

148 3181 198 3252 tc
249 3177 353 3258 Aurea
366 3175 527 3236 barbarica
542 3184 601 3237 stat
616 3177 674 3237 dea
690 3177 769 3238 tacta
784 3191 886 3245 mauu.
965 3195 966 3200 ¹

205 3259 338 3332 Noscis,'
352 3275 390 3318 an
405 3258 587 3321 exciderunt
599 3275 718 3322 mecum
737 3261 826 3320 locat
847 3261 995 3320 Venimus
1011 3259 1099 3320 iiiuc:

249 3341 345 3403 ursus
361 3359 395 3402 es
410 3343 505 3404 infido
523 3345 567 3402 sic
585 3346 667 3418 prior
682 3361 735 3403 ure
754 3343 840 3418 ioqui

206 3427 269 3484 ‘ius
285 3423 338 3484 tibi
354 3433 383 3484 et
397 3428 692 3488 arbitrium'nustrae
706 3428 826 3487 fortuna
843 3427 950 3487 salutis

247 3509 396 3582 Tradidit,
420 3510 513 3584 inque
528 3521 577 3571 tua
594 3519 641 3570 cst
658 3511 779 3585 uitaque
794 3525 942 3587 morsque
957 3508 1061 3570 manu.
