2498 4008
130 281 193 345 174
493 274 634 335 ARTIS
656 268 795 334 AlllIAT.

217 431 324 491 Omnia
337 427 503 503 responde.
525 442 583 487 nec
598 432 713 486 tanturn
732 425 821 500 siqua
834 423 964 498 rogabit,

110 575 112 578 ,
258 515 296 572 Ε1
311 527 390 587 quae
404 510 567 583 nescieris,
589 515 622 568 ut
635 509 714 568 bene
728 515 802 568 nota
818 507 909 566 refer.

215 596 273 657 Hie
288 603 336 655 est
347 595 534 670 Euphrates,
556 593 746 667 praecinctus
761 590 909 650 arundine
924 590 1071 650 frontem:

261 679 314 740 Cui
330 694 417 738 corna
433 676 587 752 dependet
602 675 738 747 caerula,
761 673 858 748 Tigris
875 673 940 732 erit.

151 763 278 826 225Hos
295 763 385 822 facito
401 759 573 819 Armenios.
594 757 672 817 haec
687 765 734 818 est
745 757 881 817 Danaeia
893 756 1011 816 Persis:

258 846 339 905 Urbs
355 845 385 902 in
399 841 613 902 Achaemeniis
628 840 759 900 vallibus
775 840 834 898 ista
848 841 913 898 luit.

217 929 271 988 1110
286 928 335 988 vel
349 927 414 997 ille,
438 927 564 985 duces...
581 931 610 983 et
624 929 712 983 crunt
730 938 809 998 quae
823 924 946 982 nomina
962 923 1058 996 dicas,

260 1010 292 1070 Si
307 1009 438 1085 poteris,
460 1023 549 1081 vere,
572 1007 727 1080 siminus,
749 1013 820 1083 apta
836 1014 946 1066 tamen.
968 1019 977 1032 ⁴
1100 1015 1102 1018 ’

99 1117 103 1124 ·
217 1095 297 1153 Dant
310 1094 400 1162 etiarn
417 1090 525 1166 positis
542 1089 655 1149 aditum
671 1086 958 1150 convivia'mensis2

153 1187 207 1241 230
259 1177 314 1236 Est
328 1175 442 1250 aliquid
456 1180 577 1248 praeter
591 1172 677 1245 vina,
697 1174 782 1248 quod
797 1173 868 1232 inde
882 1179 980 1248 petas.

220 1260 322 1334 Saepe
336 1258 397 1318 illic
412 1257 503 1332 positi
519 1257 630 1317 teneris
646 1257 778 1316 adducta
793 1256 912 1316 lacertis

260 1343 435 1417 Purpureus
448 1339 562 1400 Bacchi
580 1354 694 1398 cornua
709 1340 822 1414 pressit
834 1341 944 1398 Amor:

218 1427 359 1500 Vinaque
375 1440 444 1484 curn
457 1422 577 1482 bibulas
593 1437 737 1497 sparsere
752 1422 909 1498 Cupidinis
926 1423 1001 1496 alas,

260 1509 418 1568 Permanet
433 1514 463 1586 et
477 1511 566 1580 capto
585 1512 645 1580 stat
659 1508 761 1580 gravis
776 1506 826 1572 ille
841 1502 921 1566 ldo0.

78 1650 84 1662 ,
154 1600 206 1654 235
218 1592 272 1651 1110
288 1593 410 1667 quidenr
425 1605 544 1666 pennas
558 1589 705 1649 velociter
720 1589 833 1648 excutit
845 1589 939 1649 udas=

263 1675 325 1734 Sed
339 1683 439 1735 tarnen
455 1680 484 1732 01
499 1673 602 1748 spargi
617 1679 724 1747 pectus
740 1687 842 1732 arnore
856 1678 956 1732 nocet.

218 1758 300 1817 Vina
315 1763 422 1832 parant
434 1757 569 1829 animos,
592 1757 767 1831 iaciuntque
782 1756 935 1816 caloribus
952 1761 1060 1828 aptos:

262 1840 341 1900 Cura
355 1841 429 1914 sugit
443 1840 536 1900 rnulto
553 1836 736 1915 diluiturque
751 1855 845 1899 mero.
884 1912 889 1924 Ι

218 1926 302 1984 Το00
316 1925 439 1983 veniunt
452 1923 549 1996 risus,
570 1929 634 1982 tum
649 1938 768 1997 pauper
783 1938 899 1982 cornua
913 1922 1011 1994 sumit,

153 2015 207 2069 nlo
259 2006 333 2067 Tum
349 2007 437 2067 dolor
451 2013 481 2066 et
496 2021 585 2066 curae
600 2021 737 2080 rugaque
752 2006 860 2079 frontis
876 2006 948 2066 abit.

218 2091 302 2150 Tunc
318 2091 415 2166 aperit
428 2095 545 2150 mentes
561 2105 638 2149 aevo
654 2084 811 2148 rarissima
825 2095 931 2150 nostro

261 2173 460 2248 Simplicitas
482 2181 563 2233 artes
579 2172 750 2232 excutiente
765 2172 834 2233 deo.

218 2256 282 2316 illic
296 2272 391 2332 saepe
406 2257 523 2316 animos
539 2255 682 2314 iuvenum
696 2271 827 2330 rapuere
842 2255 969 2331 puellae,

259 2340 297 2399 Et
309 2342 415 2399 Venus
431 2341 460 2397 in
473 2339 554 2398 vinis
570 2339 648 2412 ignis
663 2339 692 2397 in
709 2338 779 2413 igne
794 2339 857 2399 luit.

153 2431 205 2484 245
219 2423 276 2482 Hic
290 2429 322 2482 tu
336 2421 437 2482 fallaci
452 2422 575 2482 nimium
589 2438 629 2481 ne
645 2423 736 2481 crede
751 2425 907 2483 lucernae:

260 2506 376 2565 Iudicio
392 2506 507 2564 100000
521 2521 646 2578 noxque
660 2521 837 2581 merumque
853 2511 975 2564 nocent.

217 2589 300 2648 Luce
315 2587 390 2648 deas
406 2589 553 2662 caeloque
568 2588 652 2648 Paris
668 2590 819 2664 spectavit
833 2595 948 2663 aperto,

263 2671 337 2731 Curn
352 2671 427 2731 dixit
440 2671 554 2732 Veneri
568 2673 678 2732 ‘vincis
693 2679 868 2748 utramque,
891 2672 1023 2730 Venus?

218 2755 313 2816 Nocte
329 2757 420 2815 latent
434 2755 577 2828 mendae,
598 2757 735 2830 vitioque
753 2753 920 2830 ignoscitur
935 2755 1029 2826 omni,

153 2847 207 2900 250
258 2838 402 2913 Horaque
418 2840 603 2899 formonsarn
620 2838 784 2912 quamlibet
797 2841 848 2899 illa
862 2838 943 2897 10011.

220 2921 352 2981 Consule
364 2923 402 2981 de
413 2921 555 2996 gemmis,
579 2922 618 2982 de
632 2924 724 2982 tincta
737 2923 853 2982 murice
866 2923 945 2995 lana,

261 3005 393 3065 Consule
408 3005 446 3064 de
462 3000 539 3064 laoie
555 3007 797 3080 corporibusque
813 3007 903 3066 diern.

219 3087 297 3162 Quid
310 3087 364 3147 tibi
378 3088 526 3148 femineos
542 3097 646 3150 coetus
661 3089 822 3150 venatibus
837 3097 927 3165 aptos

259 3169 462 3230 Enumeremt
483 3186 608 3232 numero
625 3171 713 3232 cedet
727 3173 842 3233 harena
855 3189 934 3232 meo.

152 3253 294 3326 0510010
309 3255 436 3312 reieranr
451 3253 558 3326 Baias,
579 3263 798 3330 praetextaque
815 3256 903 3340 1110ῑο
916 3253 1003 3328 velie,

258 3335 295 3394 Et
311 3351 388 3410 quae
404 3336 442 3396 de
457 3338 556 3396 calido
572 3340 697 3412 sulpure
711 3341 820 3414 fumat,
844 3345 976 3413 aquarn?

216 3417 293 3476 Hine
309 3419 417 3493 aliquis
432 3422 542 3480 vulnus
557 3423 692 3482 reserens
707 3424 737 3482 in
755 3430 879 3498 pectore
894 3423 971 3481 dixit

260 3499 337 3558 ‘Non
352 3501 444 3576 haec,
466 3510 499 3563 ut
514 3505 594 3563 sarna
609 3508 670 3581 est',
690 3508 773 3566 unda
789 3505 920 3566 salubris
936 3505 1027 3564 erat!
