2472 4010
404 244 446 318 Π,
463 243 518 317 18,
533 243 574 306 26
590 277 626 290 -
646 243 700 316 19,
715 243 766 306 60.
1051 243 1092 306 43

159 397 210 456 Sic
228 393 299 452 milri
316 394 405 453 durat
419 411 505 454 amor
519 397 693 470 longosque
708 394 860 454 adolescit
873 395 903 453 in
917 409 1030 453 annos=

201 480 266 538 Hoc
282 478 380 549 iuvat,
402 477 478 538 haec
494 479 585 537 animi
601 487 671 538 sunt
685 477 826 537 alimenta
844 478 914 536 mei.

116 573 150 626 25
160 563 282 634 Pinguis
299 554 385 620 amo'r
400 561 587 635 nimiumque
606 561 760 636 potensin
776 561 876 620 taedia
892 559 982 620 nobis

200 645 350 717 Vertitur,
374 650 404 704 et
417 645 593 719 stomacho,
615 645 714 706 dulcis
729 651 763 704 ut
777 659 865 717 esce,
889 652 989 704 nocet.

154 729 193 788 'Si
207 742 371 801 numquam
386 729 511 788 Danaen
526 728 686 789 habuisset
700 731 795 788 aenea
812 728 919 798 turris,

202 811 268 870 Non
284 818 368 870 esset
381 811 488 870 Danae
502 813 542 872 de
555 812 629 872 love
644 814 724 874 lacta
739 825 861 886 parens.

160 896 239 954 Dum
254 901 357 954 servat
370 895 446 954 luno
461 902 607 955 mutatam
621 895 766 956 cornibus
781 897 831 967 lo,

116 987 152 1041 30
204 977 296 1036 Facta
311 984 371 1048 cst,
396 995 487 1052 quam
501 979 614 1050 linerat,
637 979 751 1054 gratior
766 979 816 1036 illa
830 976 906 1036 Iovi.

160 1061 247 1134 Quod
265 1061 333 1118 licet
348 1069 377 1119 et
392 1061 480 1120 facile
495 1067 542 1120 est
557 1062 699 1136 quisquis
715 1061 812 1134 cupit,
831 1061 941 1119 arbore
956 1058 1073 1118 frondis

201 1145 325 1217 Carpat,
349 1150 379 1201 et
392 1159 410 1201 e
425 1159 535 1216 magno
551 1142 678 1204 flumine
692 1148 776 1217 potet
790 1157 912 1216 aquam.

160 1227 256 1301 Siqua
270 1228 352 1285 volet
365 1241 494 1299 regnare
508 1225 577 1299 diu,
599 1225 726 1286 deludat
742 1231 901 1300 amantem.

201 1311 236 1368 Ei
252 1309 339 1381 mihi',
364 1325 402 1367 ne
416 1308 538 1368 monitis
553 1315 700 1383 torquear
714 1308 782 1382 ipse
797 1308 890 1366 meist

116 1404 150 1457 35
164 1393 316 1467 Quidlibet
330 1393 465 1466 eveniat,
487 1399 578 1452 nocet
592 1392 779 1465 indulgentia
794 1390 900 1450 nobis=

203 1476 291 1549 Quod
307 1476 459 1552 sequitur,
484 1477 577 1550 rugio.
608 1475 691 1550 quod
708 1474 796 1548 sugit,
819 1474 888 1549 ipse
907 1489 1030 1549 sequor.

162 1561 201 1618 At
216 1567 248 1618 tu
264 1561 439 1618 formonsae
454 1559 578 1619 nimium
594 1575 702 1618 secure
717 1559 852 1634 puellae,

203 1643 307 1716 Incipe
322 1643 382 1702 iam
398 1642 496 1716 prima
514 1642 658 1702 claudere
672 1650 762 1702 nocte
778 1643 884 1700 iorem.

164 1728 278 1800 incipe,
300 1725 370 1800 quis
384 1725 496 1786 totiens
512 1726 614 1785 furtim
628 1732 681 1784 tua
695 1725 798 1784 limina
812 1728 929 1800 pulset,

118 1819 154 1872 to
208 1809 376 1882 Quaerere,
401 1809 474 1883 quid
488 1809 598 1877 latrent
612 1815 703 1868 nocte
719 1810 828 1868 silente
843 1823 951 1881 canes,

162 1892 242 1965 Quas
258 1894 335 1952 feret
348 1898 378 1950 et
392 1891 505 1952 relerat
524 1894 633 1951 sollers
650 1893 759 1952 ancilla
774 1891 916 1964 tabellas,

205 1975 263 2035 Cur
277 1976 390 2034 totiens
404 1989 503 2034 vacuo
520 1975 646 2036 secubet
659 1976 729 2049 ipsa
744 1978 821 2034 toio.

161 2059 300 2118 Mordeat
314 2059 375 2118 ista
387 2065 456 2118 tuas
474 2059 639 2132 aliquando
656 2074 729 2117 cura
744 2058 909 2130 medullas,

153 2159 155 2166 ’
203 2143 311 2215 Daque
324 2144 426 2200 locum
439 2143 553 2201 nostris
569 2142 786 2216 materiamque
801 2141 891 2202 dolis.

117 2235 153 2288 45
166 2226 219 2284 lile
235 2231 337 2300 potest
352 2240 453 2285 vacuo
468 2225 561 2302 iurari
577 2226 665 2286 litore
679 2241 809 2298 arenas,

203 2309 337 2369 Uxorem
353 2309 434 2368 stulti
449 2309 548 2383 siquis
564 2323 666 2368 amare
681 2315 791 2383 potest

162 2392 286 2464 lamque
301 2407 358 2466 ego
375 2407 576 2466 praemoneo,
598 2391 656 2450 nisi
673 2397 704 2450 tu
720 2406 845 2450 servare
861 2391 991 2465 puellam

206 2475 336 2550 Incipis,
358 2475 482 2549 incipiet
497 2472 637 2536 desinere
654 2490 725 2534 esse
740 2489 818 2532 mea.

162 2557 258 2618 Multa
273 2554 387 2631 diuque
401 2559 463 2617 tuli.
492 2559 617 2632 speravi
632 2573 727 2632 saepe
741 2559 888 2627 lutumm,

120 2651 156 2704 50
211 2641 286 2700 Cum
299 2641 378 2700 bene
393 2657 569 2714 servasscS,
591 2647 624 2701 ut
638 2641 715 2702 loene
731 2639 826 2698 verba
840 2640 954 2696 darem.

163 2725 278 2785 Lentus
295 2739 346 2798 es,
366 2731 398 2782 et
411 2725 524 2798 puteris
540 2725 614 2784 nulli
630 2723 775 2798 patienda
789 2721 908 2780 marito.

137 2834 141 2842 =
206 2812 246 2867 At
260 2807 332 2867 mihi
349 2823 500 2867 concessu
514 2807 584 2868 linis
599 2808 712 2866 amoris
728 2806 793 2864 erit.

166 2890 288 2952 Scilicet
302 2891 408 2950 infelix
424 2907 591 2965 numquam
609 2890 793 2964 prohibebor
808 2888 914 2948 adire?
999 2962 1002 2968 .

207 2976 274 3034 Nox
289 2975 361 3034 mihi
378 2975 434 3034 sub
450 2977 532 3036 nulio
547 2975 670 3032 vindice
684 2989 807 3048 semper
820 2972 897 3032 erite

124 3069 158 3120 55
169 3059 216 3118 Nil
232 3066 385 3118 metuam?
407 3073 463 3133 per
478 3059 560 3118 nullu
574 3057 691 3116 traham
706 3057 840 3131 suspiria
854 3060 1002 3116 somnust

207 3143 252 3200 Nil
268 3143 379 3213 iacies,
403 3159 457 3200 cur
471 3150 500 3200 te
515 3144 580 3200 iure
596 3141 716 3214 perisse
731 3140 842 3198 velim?

167 3225 242 3298 Quid
257 3225 329 3285 milri
344 3241 413 3284 cum
430 3225 524 3293 lucili,
547 3224 620 3298 quid
636 3239 703 3282 cum
720 3226 830 3282 lenone
844 3221 974 3280 marito?

210 3308 379 3382 Cormmpit
395 3307 466 3370 vitio
482 3307 594 3380 gaudia
608 3313 714 3368 nostra
729 3321 796 3364 suo.

167 3389 245 3464 Quin
261 3392 368 3468 alium,
391 3407 482 3464 quem
496 3398 579 3449 tenta
595 3390 678 3449 iuvat
693 3387 851 3462 patientia,
874 3387 1017 3457 quaertst
1093 3433 1095 3440 ,

122 3482 160 3536 60
212 3475 262 3534 Me
275 3471 329 3535 tibi
343 3476 469 3533 rivalem
485 3474 511 3534 si
525 3475 608 3532 iuvat
622 3487 709 3545 esse,
729 3475 810 3529 veta.

494 3610 688 3626 Μ
