2472 4010
142 221 193 286 24.
550 225 754 307 nmouun
803 231 805 236 ’

123 390 127 397 ‘
228 375 301 435 Cum
315 377 394 435 bene
409 377 454 434 vir
468 377 559 437 traxit
573 381 704 452 vultum,
727 394 881 454 rugasque
896 383 1012 455 coegit,

270 461 358 532 Quod
372 461 468 520 voluit
482 461 548 520 lieri
563 462 674 535 blanda
690 464 806 537 puella,
827 465 906 522 lacit
983 488 986 494 ·

184 551 218 604 35
231 543 294 602 Sed
308 552 407 602 tamen
425 545 574 604 interdum
590 553 689 604 tecum
706 561 836 620 quoque
848 548 944 621 iurgia
961 557 1066 609 nectat.

268 628 305 686 Et
320 629 439 688 simulet
454 629 608 703 lacrimas,
632 630 866 703 carnificemque
880 639 980 690 vocet.

226 711 270 771 Tu
286 718 392 770 contra
408 711 540 786 obicies,
562 729 641 786 quae
655 720 718 772 tuto
736 714 829 776 diluat
844 715 904 773 illa.

265 795 302 853 'In
317 811 423 854 verum
440 797 518 855 salso
534 796 658 855 crimine
673 798 761 855 derne
776 797 877 856 fidem.

228 879 279 938 Sic
294 879 346 936 tibi
362 894 485 953 semper
500 880 615 950 honos,
639 881 684 939 sic
699 883 759 939 alta
774 882 895 955 peculia
909 889 1057 942 crescent.

184 969 219 1022 40
271 963 354 1021 Haec
371 965 434 1034 lac,
455 963 485 1020 in
501 963 610 1036 exiguo
626 970 763 1038 ternpore
779 965 941 1026 libereris.

226 1045 351 1119 Aspicis
366 1046 517 1105 indicibus
532 1063 628 1106 nexas
647 1063 701 1121 per
715 1049 794 1107 colla
809 1055 955 1108 catenas?

270 1128 435 1204 Squalidus
452 1131 527 1189 orba
542 1131 603 1188 lide
620 1138 745 1205 pectora
759 1133 867 1191 carcer
879 1133 978 1192 habet.

197 1233 199 1243 ¹
227 1214 348 1285 Quaerit
362 1230 460 1288 aquas
476 1215 505 1272 in
521 1215 610 1289 aquis
626 1220 655 1274 et
670 1230 759 1288 poma
776 1217 897 1290 fugacia
911 1224 1012 1291 captat

267 1297 421 1357 Tantalus.
451 1298 511 1356 hoc
527 1299 568 1356 illi
582 1301 703 1372 garrula
718 1298 820 1372 lingua
836 1300 928 1360 dedit.

186 1387 217 1440 45
230 1380 308 1440 Dum
324 1383 447 1440 nimium
462 1389 565 1440 servat
579 1389 684 1440 custos
702 1383 847 1442 Iunonius
862 1385 926 1462 Ion,

269 1467 348 1523 Ante
363 1481 436 1524 suos
453 1481 549 1524 annos
566 1466 686 1524 occidit.
717 1467 768 1524 illa
783 1467 881 1526 deust.

225 1548 298 1607 Vidi
315 1565 371 1622 ego
388 1549 589 1623 compedibus
605 1549 730 1608 liventia
745 1565 833 1609 crura
847 1559 1017 1625 gerentem,

268 1633 357 1692 Unde
370 1633 418 1690 vir
431 1634 581 1691 incestum
598 1634 676 1692 scire
692 1641 816 1693 coactus
832 1642 906 1692 erat.

226 1715 328 1775 Poena
343 1718 440 1774 minor
455 1717 572 1775 merito.
601 1718 708 1777 nocuit·
719 1719 798 1775 mala
813 1720 913 1791 lingua
929 1719 1065 1778 duobus:

183 1809 218 1860 5ο
271 1800 326 1858 Vir
340 1799 445 1859 doluit.
473 1801 571 1858 farinae
586 1801 697 1858 damna
712 1802 814 1874 puella
828 1803 903 1861 tulit.
990 1845 993 1852 .

227 1883 323 1942 Crede
339 1884 425 1957 mibi,
449 1883 521 1942 nulli
537 1892 606 1942 sunt
621 1883 746 1942 crimina
764 1893 849 1958 grata
864 1887 986 1959 marito,

268 1967 330 2025 Nec
347 1983 544 2041 quemquam,
567 1969 706 2040 quamvis
723 1969 839 2040 audiat,
864 1971 913 2028 illa
930 1971 1042 2030 iuvant.

227 2049 289 2110 Seu
304 2057 401 2125 tepet,
424 2051 568 2110 indicium
584 2066 709 2110 saumas
727 2053 830 2126 perdis
845 2055 884 2112 ad
900 2069 1004 2113 aures:

269 2132 341 2192 Sive
357 2142 451 2208 amat,
473 2135 575 2193 cilicio
591 2135 625 2194 iit
639 2136 731 2193 miser
745 2137 794 2194 ille
808 2145 871 2196 tuo,

182 2227 216 2280 55
229 2217 323 2291 Culpa
339 2233 395 2276 nec
411 2234 449 2276 ex
465 2218 544 2277 lacili
562 2220 701 2292 quamvis
716 2220 876 2278 manifesta
892 2221 1047 2294 probatur.

266 2301 379 2360 ludicis
396 2302 446 2360 illa
461 2303 508 2360 sui
523 2309 586 2361 tuta
605 2303 708 2361 lavore
724 2304 813 2361 veuit.
919 2320 930 2339 ⁶

225 2385 343 2442 Viderit
358 2385 425 2459 ipse
442 2386 525 2459 licet,
550 2387 653 2444 credet
667 2394 766 2444 tamen
784 2388 833 2444 ille
848 2387 982 2461 neganti,

268 2469 489 2548 Damnabitque
505 2470 612 2529 oculos
627 2477 656 2528 et
671 2470 728 2530 sibi
745 2469 838 2528 verba
853 2471 944 2529 dabit.

224 2553 386 2626 Adspiciat
401 2551 542 2612 dominae
557 2553 711 2625 lacrimas,
737 2554 865 2627 plorabit
880 2557 1003 2629 etipse,

182 2647 218 2700 60
268 2636 306 2694 Et
321 2637 401 2695 dicet
417 2641 547 2712 ‘poenas
562 2639 702 2710 garrulus
718 2639 775 2696 isle
791 2639 908 2697 dabitt’
959 2692 965 2696 .

226 2720 303 2794 Quid
320 2721 425 2796 dispar
440 2727 591 2779 certamen
608 2721 687 2779 inis?
706 2721 758 2779 tibi
776 2723 904 2782 verbera
919 2723 998 2782 viclo

267 2805 398 2864 Adsunt.
431 2806 460 2863 in
476 2805 590 2878 gremio
607 2804 715 2863 iudicis
731 2805 781 2863 illa
797 2807 893 2866 sedet.
959 2851 962 2855 ,

225 2888 291 2946 Non
305 2889 406 2948 scelus
422 2889 629 2962 adgredimur,
653 2904 713 2946 non
729 2890 767 2946 ad
782 2891 940 2949 miscenda
955 2889 1072 2948 coimus

267 2970 395 3046 Toxica,
418 2978 479 3030 nori
498 2971 601 3031 stricto
618 2972 844 3051 tulminatense
860 2989 977 3032 manus

183 3063 217 3118 65
230 3056 423 3129 QuaerimuS,
445 3063 479 3115 ut
492 3063 555 3115 tuto
572 3072 627 3130 per
642 3063 670 3114 te
685 3057 843 3131 possimus
860 3073 970 3116 amare.

269 3138 347 3212 Quid
364 3139 507 3213 precibus
523 3139 636 3198 nostris
653 3141 774 3200 mollius
790 3155 862 3200 osse
877 3145 1000 3215 potestt

172 3271 195 3362 3
227 3269 268 3362 Ei
284 3305 369 3378 mihi,
390 3307 473 3380 quod
489 3307 641 3365 dominam
660 3323 717 3365 nec
732 3307 778 3364 vir
793 3323 850 3366 nec
867 3309 976 3366 lanima
992 3322 1117 3382 servae,

268 3388 370 3446 Mutua
385 3405 442 3448 nec
456 3391 587 3448 Veneris
603 3391 715 3462 gaudia
731 3406 824 3449 nosse
841 3398 943 3464 potes!
1049 3423 1053 3436 »

227 3471 282 3545 Qui
300 3472 415 3546 primus
430 3473 534 3547 pueris
549 3473 692 3547 genitalia
706 3474 841 3532 membra
854 3475 974 3547 recidit,

488 3749 495 3783 l
