2472 4010
119 281 178 343 ‘34
544 277 747 338 AMORUM

139 481 188 574 11
223 479 330 573 Prima
343 513 440 570 malas
456 510 574 584 docuit,
593 509 771 569 mirantibus
787 509 931 583 aequoris
947 509 1054 582 undis,

263 597 383 656 Peliaco
400 595 490 670 pinus
506 593 622 657 vertice
638 608 730 651 caesa
747 593 831 664 vias,

222 683 304 757 Quae
322 679 530 739 concurrentis
546 677 624 737 inter
637 676 797 736 temeraria
812 682 916 736 cautes

264 763 468 838 Conspicuam
483 762 566 821 lulvo
582 761 697 818 vellere
712 760 796 818 uexit
811 776 909 820 ovem.

178 849 232 911 50
247 850 375 920 utinam,
397 844 508 919 nequis
522 859 607 903 remo
624 845 700 902 lreta
715 845 807 917 longa
821 852 972 918 moveret,

262 933 346 1005 Argo
364 930 502 988 lunestas
519 943 629 1002 pressa
642 926 774 988 bibisset
791 935 903 1002 aquas!
972 963 974 966 -

219 1015 316 1087 Ecce,
339 1012 414 1087 sugit
428 1019 597 1108 notumque
610 1018 710 1071 torum
727 1010 895 1085 sociosque
915 1018 1056 1086 penates,

263 1097 456 1170 Fallacisque
472 1096 538 1154 vias
555 1095 598 1154 ire
614 1095 745 1154 Corinna
760 1102 856 1170 parat

221 1181 324 1258 Quidt
312 1180 397 1240 tibi..
412 1195 459 1238 me
473 1181 653 1238 miserumt..
658 1179 829 1255 .zephyr0s
857 1195 1011 1266 eurosque
1031 1179 1155 1242 timebo.

179 1278 214 1328 10
265 1265 303 1323 Et
317 1264 450 1338 gelidum
465 1263 580 1322 borean
595 1262 810 1338 egelidumque
824 1270 949 1322 notum?

221 1350 300 1409 Non
305 1349 364 1407 illic
377 1348 486 1419 urbes,
509 1363 570 1406 non
585 1354 615 1406 lu
618 1345 778 1405 mirabere
795 1347 900 1406 silvas.

179 1435 183 1440 '
263 1433 331 1492 Una
345 1437 392 1490 esl
406 1431 508 1490 iniusti
522 1432 644 1490 caerula
659 1431 756 1489 lorma
770 1430 874 1490 maris.

221 1517 283 1574 Nee
299 1513 417 1574 medius
433 1514 532 1574 tenuis
550 1514 685 1574 conchas
701 1514 863 1589 pictosque
878 1513 1000 1588 lapillos

263 1597 377 1659 Pontus
392 1597 492 1657 habet.
522 1597 614 1656 bibuli
629 1596 726 1657 litoris
741 1598 792 1657 illa
807 1613 892 1657 mora
907 1603 962 1657 est.

180 1693 214 1747 15
225 1683 329 1742 Litora
343 1681 520 1740 marmorcis
536 1681 668 1756 pedibus
685 1681 817 1755 signate,
842 1682 977 1756 puellae:

265 1768 418 1828 Hactenus
434 1773 482 1824 est
493 1770 596 1824 tutum.
629 1772 731 1824 cetera
746 1780 840 1825 caeca
854 1765 902 1823 vie
918 1772 973 1824 est.

221 1849 361 1922 Etvobis
377 1849 426 1908 alii
441 1851 599 1908 ventorum
616 1849 734 1923 proelia
748 1853 885 1919 narrent,
1067 1923 1070 1928 Ι

265 1933 346 2007 Quas
362 1931 467 2008 Scylla
482 1931 616 2006 infestet,
641 1939 758 2006 quasve
775 1925 945 2008 Charybdis
961 1947 1074 2006 aquaS,

221 2017 259 2076 Et
274 2018 384 2092 quibus
401 2016 552 2076 emineant
566 2016 701 2075 violenta
717 2016 867 2076 Ceraunia
882 2015 981 2087 saxis,

179 2111 214 2164 20
268 2101 332 2174 Quo
351 2103 463 2159 lateant
479 2097 586 2175 Syrtes
601 2116 712 2174 magna
726 2099 886 2173 minorque
905 2099 983 2158 sinu.

221 2184 304 2246 Haec
321 2184 370 2242 alii
387 2184 527 2242 reserant.
559 2191 590 2242 at
603 2192 667 2242 vos
679 2184 763 2258 quod
780 2185 913 2257 quisque
929 2184 1083 2258 loquetur,

265 2268 393 2328 Credite.
422 2267 556 2326 eredenti
573 2268 655 2326 nulla
670 2268 806 2342 procella
820 2274 919 2326 nocet.

223 2351 300 2411 Sero
315 2350 478 2447 respicitur
491 2352 596 2425 tellus
619 2351 670 2410 ubi
686 2352 758 2411 lune
773 2352 873 2410 soluto

266 2435 383 2497 Currit
376 2452 404 2492 m
421 2436 590 2494 inmensum
608 2435 710 2509 panda
726 2433 829 2494 carina
845 2435 951 2493 salum.

141 2528 214 2580 -25
224 2519 333 2578 Navita
349 2518 459 2577 sollicit
448 2526 496 2578 tus
514 2520 584 2594 quia
600 2525 671 2577 vent
672 2535 709 2577 os
660 2517 850 2578 thomet
843 2515 1013 2614 iniquoss

139 2638 180 2649 -
264 2603 303 2662 Et
291 2610 414 2677 tprope
429 2609 490 2661 am
504 2603 611 2674 letum
635 2607 726 2676 quam
750 2615 849 2677 prope
865 2603 960 2661 cernit
972 2584 1093 2675 aquam.

224 2685 353 2762 Quodsi
370 2702 540 2746 concussas
556 2685 658 2745 Triton
675 2694 839 2761 exasperet
829 2686 968 2760 t,undas

267 2771 390 2844 Quamt
378 2769 431 2830 tibi
447 2772 486 2832 sit
501 2777 563 2830 tolo
580 2771 702 2830 nullus
695 2787 724 2828 m
740 2785 793 2830 ore
808 2770 908 2830 'eolort

223 2856 298 2915 Tum
313 2869 465 2927 generosa
480 2869 574 2914 voces
591 2853 741 2914 lecundae
757 2853 859 2912 sidera
873 2852 991 2936 Ledae,

80 2959 90 2978 ⁴
182 2945 218 3000 30
271 2937 309 2997 Et
324 2938 437 3011 ‘lelixss
454 2937 540 2998 dicas
557 2942 660 3013 ‘quem
677 2954 735 2997 sua
748 2945 829 2997 terra
843 2937 953 2997 tenett’

223 3023 326 3082 Tutius
343 3027 391 3080 est
405 3022 522 3081 lovisse
535 3030 649 3094 torum,
674 3021 788 3096 legisse
803 3020 940 3092 libelloS,

265 3105 435 3164 Threiciam
449 3105 551 3180 digitis
565 3106 757 3181 increpuisse
773 3106 881 3183 lyram.

223 3191 264 3248 At
284 3189 311 3250 si
325 3205 405 3248 vana
422 3189 521 3250 lerunt
542 3191 683 3250 volucres
702 3205 770 3248 mea
785 3190 866 3248 dicta
882 3187 1047 3264 procellae,

268 3275 378 3346 Aequa
396 3281 493 3332 tamen
510 3274 607 3349 puppi
624 3273 664 3332 sit
678 3272 804 3332 Galatea
818 3279 897 3332 tuae.

182 3365 215 3418 35
228 3359 370 3416 Vestrum
387 3357 500 3416 crimen
516 3359 573 3416 erit
588 3355 657 3416 talis
673 3357 785 3415 iactura
803 3358 938 3430 puellae,

266 3439 476 3514 Nereidesque
492 3441 568 3499 deae
582 3441 809 3513 Nereidumque
827 3448 921 3513 pater

227 3524 316 3581 Vade
331 3539 448 3583 memor
463 3530 533 3583 nost
534 3526 573 3599 ri,
591 3530 682 3582 vento
698 3522 831 3582 reditura
847 3507 1024 3582 seeundo.
