<?xml version="1.0" encoding="UTF-8"?>
<!DOCTYPE html PUBLIC "-//W3C//DTD XHTML 1.0 Transitional//EN"
    "http://www.w3.org/TR/xhtml1/DTD/xhtml1-transitional.dtd">
<html xmlns="http://www.w3.org/1999/xhtml" xml:lang="en" lang="en">
 <head>
  <title>
</title>
<meta http-equiv="Content-Type" content="text/html;charset=utf-8" />
  <meta name='ocr-system' content='tesseract 3.04.00' />
  <meta name='ocr-capabilities' content='ocr_page ocr_carea ocr_par ocr_line ocrx_word'/>
</head>
<body>
  <div class='ocr_page' id='page_1' title='image "./povidiusnaso02merkgoog_0187.png"; bbox 0 0 2488 4006; ppageno 0'>
   <div class='ocr_carea' id='block_1_1' title="bbox 147 205 822 300">
    <p class='ocr_par' dir='ltr' id='par_1_1' title="bbox 147 205 822 300">
     <span class='ocr_line' id='line_1_1' title="bbox 147 205 822 300; baseline -0.013 -2"><span class='ocrx_word' id='word_1_1' title='bbox 147 234 209 300; x_wconf 75' lang='grc'><em>161</em></span> <span class='ocrx_word' id='word_1_2' title='bbox 522 229 791 291; x_wconf 66' lang='grc'><strong>1118111111.</strong></span> <span class='ocrx_word' id='word_1_3' title='bbox 817 205 822 216; x_wconf 86' lang='grc'><strong>’</strong></span> 
     </span>
    </p>
   </div>
   <div class='ocr_carea' id='block_1_2' title="bbox 130 373 1233 3631">
    <p class='ocr_par' dir='ltr' id='par_1_2' title="bbox 130 373 1233 3631">
     <span class='ocr_line' id='line_1_2' title="bbox 168 373 1071 456; baseline -0.009 -8"><span class='ocrx_word' id='word_1_4' title='bbox 168 385 450 449; x_wconf 74' lang='lat' dir='ltr'><em>mouumentum</em></span> <span class='ocrx_word' id='word_1_5' title='bbox 464 385 543 442; x_wconf 88' lang='lat' dir='ltr'><em>dedi.</em></span> <span class='ocrx_word' id='word_1_6' title='bbox 563 399 656 456; x_wconf 87' lang='lat' dir='ltr'><em>mque</em></span> <span class='ocrx_word' id='word_1_7' title='bbox 669 373 746 441; x_wconf 84' lang='lat' dir='ltr'><em>enim</em></span> <span class='ocrx_word' id='word_1_8' title='bbox 760 380 905 438; x_wconf 88' lang='lat' dir='ltr'><em>mandata</em></span> <span class='ocrx_word' id='word_1_9' title='bbox 919 380 1071 440; x_wconf 77' lang='lat' dir='ltr'><em>dedissem</em></span> 
     </span>
     <span class='ocr_line' id='line_1_3' title="bbox 279 465 908 538; baseline -0.008 -12"><span class='ocrx_word' id='word_1_10' title='bbox 279 467 361 538; x_wconf 85' lang='lat' dir='ltr'><em>Ulla,</em></span> <span class='ocrx_word' id='word_1_11' title='bbox 384 470 443 526; x_wconf 89' lang='lat' dir='ltr'><em>nisi</em></span> <span class='ocrx_word' id='word_1_12' title='bbox 455 473 488 526; x_wconf 93' lang='lat' dir='ltr'><em>ut</em></span> <span class='ocrx_word' id='word_1_13' title='bbox 500 468 754 526; x_wconf 84' lang='lat' dir='ltr'><em>nolles-immemor</em></span> <span class='ocrx_word' id='word_1_14' title='bbox 767 479 829 523; x_wconf 88' lang='lat' dir='ltr'><em>esse</em></span> <span class='ocrx_word' id='word_1_15' title='bbox 842 465 908 522; x_wconf 90' lang='lat' dir='ltr'><em>mei.</em></span> 
     </span>
     <span class='ocr_line' id='line_1_4' title="bbox 231 545 1044 624; baseline -0.006 -15"><span class='ocrx_word' id='word_1_16' title='bbox 231 552 368 622; x_wconf 82' lang='lat' dir='ltr'><em>Pertioi,</em></span> <span class='ocrx_word' id='word_1_17' title='bbox 390 553 443 624; x_wconf 91' lang='lat' dir='ltr'><em>qui</em></span> <span class='ocrx_word' id='word_1_18' title='bbox 454 565 614 624; x_wconf 90' lang='lat' dir='ltr'><em>numquam</em></span> <span class='ocrx_word' id='word_1_19' title='bbox 627 553 712 621; x_wconf 81' lang='lat' dir='ltr'><em>lonqe</em></span> <span class='ocrx_word' id='word_1_20' title='bbox 727 547 874 618; x_wconf 90' lang='lat' dir='ltr'><em>discedat,</em></span> <span class='ocrx_word' id='word_1_21' title='bbox 896 545 1044 618; x_wconf 78' lang='lat' dir='ltr'><strong><em>Amorem,</em></strong></span> 
     </span>
     <span class='ocr_line' id='line_1_5' title="bbox 274 631 974 708; baseline -0.007 -15"><span class='ocrx_word' id='word_1_22' title='bbox 274 635 389 708; x_wconf 78' lang='lat' dir='ltr'><em>Perque</em></span> <span class='ocrx_word' id='word_1_23' title='bbox 402 649 502 694; x_wconf 90' lang='lat' dir='ltr'><em>nouem</em></span> <span class='ocrx_word' id='word_1_24' title='bbox 516 638 595 704; x_wconf 86' lang='lat' dir='ltr'><em>iuro,</em></span> <span class='ocrx_word' id='word_1_25' title='bbox 617 634 740 690; x_wconf 86' lang='lat' dir='ltr'><em>numina</em></span> <span class='ocrx_word' id='word_1_26' title='bbox 754 637 870 703; x_wconf 87' lang='lat' dir='ltr'><em>nostra,</em></span> <span class='ocrx_word' id='word_1_27' title='bbox 894 631 974 703; x_wconf 88' lang='lat' dir='ltr'><em>deas,</em></span> 
     </span>
     <span class='ocr_line' id='line_1_6' title="bbox 234 713 1035 790; baseline -0.005 -14"><span class='ocrx_word' id='word_1_28' title='bbox 234 719 305 776; x_wconf 84' lang='lat' dir='ltr'><em>Cum</em></span> <span class='ocrx_word' id='word_1_29' title='bbox 318 719 391 776; x_wconf 77' lang='lat' dir='ltr'><em>milui</em></span> <span class='ocrx_word' id='word_1_30' title='bbox 402 719 499 776; x_wconf 90' lang='lat' dir='ltr'><em>nescio</em></span> <span class='ocrx_word' id='word_1_31' title='bbox 513 719 578 790; x_wconf 90' lang='lat' dir='ltr'><em>quis</em></span> <span class='ocrx_word' id='word_1_32' title='bbox 592 715 728 788; x_wconf 70' lang='lat' dir='ltr'><em>‘fuqlunt</em></span> <span class='ocrx_word' id='word_1_33' title='bbox 739 720 790 772; x_wconf 90' lang='lat' dir='ltr'><em>tua</em></span> <span class='ocrx_word' id='word_1_34' title='bbox 801 713 929 786; x_wconf 82' lang='lat' dir='ltr'><em>quadiu&#39;</em></span> <span class='ocrx_word' id='word_1_35' title='bbox 947 714 1035 786; x_wconf 79' lang='lat' dir='ltr'><em>discit,</em></span> 
     </span>
     <span class='ocr_line' id='line_1_7' title="bbox 169 799 871 873; baseline -0.016 -8"><span class='ocrx_word' id='word_1_36' title='bbox 169 813 221 865; x_wconf 83' lang='lat'><em>110</em></span> <span class='ocrx_word' id='word_1_37' title='bbox 275 801 336 860; x_wconf 89' lang='lat' dir='ltr'><em>Nec</em></span> <span class='ocrx_word' id='word_1_38' title='bbox 349 817 395 858; x_wconf 90' lang='lat' dir='ltr'><em>me</em></span> <span class='ocrx_word' id='word_1_39' title='bbox 403 803 478 873; x_wconf 76' lang='lat' dir='ltr'><em>llere</em></span> <span class='ocrx_word' id='word_1_40' title='bbox 489 800 556 870; x_wconf 92' lang='lat' dir='ltr'><em>diu,</em></span> <span class='ocrx_word' id='word_1_41' title='bbox 575 815 629 857; x_wconf 86' lang='lat' dir='ltr'><em>nec</em></span> <span class='ocrx_word' id='word_1_42' title='bbox 641 799 769 871; x_wconf 88' lang='lat' dir='ltr'><em>potuisse</em></span> <span class='ocrx_word' id='word_1_43' title='bbox 782 799 871 870; x_wconf 89' lang='lat' dir='ltr'><em>loqui.</em></span> 
     </span>
     <span class='ocr_line' id='line_1_8' title="bbox 232 881 950 953; baseline -0.007 -10"><span class='ocrx_word' id='word_1_44' title='bbox 232 886 273 943; x_wconf 84' lang='lat' dir='ltr'><em>Et</em></span> <span class='ocrx_word' id='word_1_45' title='bbox 283 886 428 942; x_wconf 77' lang='lat' dir='ltr'><em>lacrimae</em></span> <span class='ocrx_word' id='word_1_46' title='bbox 442 884 568 940; x_wconf 81' lang='lat' dir='ltr'><em>deerant</em></span> <span class='ocrx_word' id='word_1_47' title='bbox 579 883 670 940; x_wconf 89' lang='lat' dir='ltr'><em>oculis</em></span> <span class='ocrx_word' id='word_1_48' title='bbox 686 887 715 939; x_wconf 91' lang='lat' dir='ltr'><em>et</em></span> <span class='ocrx_word' id='word_1_49' title='bbox 728 881 818 939; x_wconf 79' lang='lat' dir='ltr'><em>uerba</em></span> <span class='ocrx_word' id='word_1_50' title='bbox 830 881 950 953; x_wconf 76' lang='lat' dir='ltr'><em>potatu·</em></span> 
     </span>
     <span class='ocr_line' id='line_1_9' title="bbox 275 965 902 1038; baseline -0.008 -13"><span class='ocrx_word' id='word_1_51' title='bbox 275 967 455 1025; x_wconf 79' lang='lat' dir='ltr'><em>Adstrictum</em></span> <span class='ocrx_word' id='word_1_52' title='bbox 468 966 567 1038; x_wconf 83' lang='lat' dir='ltr'><em>pelido</em></span> <span class='ocrx_word' id='word_1_53' title='bbox 580 965 698 1036; x_wconf 82' lang='lat' dir='ltr'><em>sriqore</em></span> <span class='ocrx_word' id='word_1_54' title='bbox 707 969 813 1036; x_wconf 87' lang='lat' dir='ltr'><em>pectus</em></span> <span class='ocrx_word' id='word_1_55' title='bbox 827 969 902 1022; x_wconf 91' lang='lat' dir='ltr'><em>erat.</em></span> 
     </span>
     <span class='ocr_line' id='line_1_10' title="bbox 233 1049 1043 1123; baseline -0.007 -13"><span class='ocrx_word' id='word_1_56' title='bbox 233 1053 390 1123; x_wconf 88' lang='lat' dir='ltr'><em>Postquam</em></span> <span class='ocrx_word' id='word_1_57' title='bbox 404 1067 435 1108; x_wconf 92' lang='lat' dir='ltr'><em>se</em></span> <span class='ocrx_word' id='word_1_58' title='bbox 450 1051 534 1108; x_wconf 91' lang='lat' dir='ltr'><em>dolor</em></span> <span class='ocrx_word' id='word_1_59' title='bbox 547 1049 704 1119; x_wconf 88' lang='lat' dir='ltr'><em>imminuit,</em></span> <span class='ocrx_word' id='word_1_60' title='bbox 725 1063 780 1106; x_wconf 93' lang='lat' dir='ltr'><em>nec</em></span> <span class='ocrx_word' id='word_1_61' title='bbox 791 1053 914 1120; x_wconf 82' lang='lat' dir='ltr'><em>pectora</em></span> <span class='ocrx_word' id='word_1_62' title='bbox 921 1049 1043 1120; x_wconf 84' lang='lat' dir='ltr'><em>planqi,</em></span> 
     </span>
     <span class='ocr_line' id='line_1_11' title="bbox 138 1133 851 1206; baseline -0.006 -14"><span class='ocrx_word' id='word_1_63' title='bbox 138 1197 141 1203; x_wconf 66' lang='grc'>,</span> <span class='ocrx_word' id='word_1_64' title='bbox 277 1135 337 1192; x_wconf 89' lang='lat' dir='ltr'><em>Nec</em></span> <span class='ocrx_word' id='word_1_65' title='bbox 348 1133 458 1206; x_wconf 91' lang='lat' dir='ltr'><em>puduit</em></span> <span class='ocrx_word' id='word_1_66' title='bbox 470 1135 568 1190; x_wconf 85' lang='lat' dir='ltr'><em>scissis</em></span> <span class='ocrx_word' id='word_1_67' title='bbox 581 1133 739 1190; x_wconf 79' lang='lat' dir='ltr'><em>exululare</em></span> <span class='ocrx_word' id='word_1_68' title='bbox 753 1133 851 1202; x_wconf 89' lang='lat' dir='ltr'><em>camis,</em></span> 
     </span>
     <span class='ocr_line' id='line_1_12' title="bbox 130 1211 962 1289; baseline -0.01 -9"><span class='ocrx_word' id='word_1_69' title='bbox 130 1211 133 1218; x_wconf 69' lang='grc'><strong><em>’</em></strong></span> <span class='ocrx_word' id='word_1_70' title='bbox 170 1229 220 1280; x_wconf 91' lang='grc'><em>115</em></span> <span class='ocrx_word' id='word_1_71' title='bbox 231 1218 297 1276; x_wconf 87' lang='lat' dir='ltr'><em>Non</em></span> <span class='ocrx_word' id='word_1_72' title='bbox 311 1219 413 1287; x_wconf 89' lang='lat' dir='ltr'><em>aliter,</em></span> <span class='ocrx_word' id='word_1_73' title='bbox 436 1231 525 1289; x_wconf 88' lang='lat' dir='ltr'><em>quam</em></span> <span class='ocrx_word' id='word_1_74' title='bbox 539 1218 567 1273; x_wconf 91' lang='lat' dir='ltr'><em>si</em></span> <span class='ocrx_word' id='word_1_75' title='bbox 578 1217 643 1273; x_wconf 90' lang='lat' dir='ltr'><em>nati</em></span> <span class='ocrx_word' id='word_1_76' title='bbox 654 1216 707 1288; x_wconf 91' lang='lat' dir='ltr'><em>pla</em></span> <span class='ocrx_word' id='word_1_77' title='bbox 722 1220 816 1272; x_wconf 83' lang='lat' dir='ltr'><em>mater</em></span> <span class='ocrx_word' id='word_1_78' title='bbox 831 1214 962 1287; x_wconf 89' lang='lat' dir='ltr'><em>adempti</em></span> 
     </span>
     <span class='ocr_line' id='line_1_13' title="bbox 276 1301 940 1372; baseline -0.005 -14"><span class='ocrx_word' id='word_1_79' title='bbox 276 1301 374 1358; x_wconf 87' lang='lat' dir='ltr'><em>Portet</em></span> <span class='ocrx_word' id='word_1_80' title='bbox 388 1301 431 1357; x_wconf 90' lang='lat' dir='ltr'><em>ad</em></span> <span class='ocrx_word' id='word_1_81' title='bbox 443 1305 606 1357; x_wconf 74' lang='lat' dir='ltr'><em>exstructos</em></span> <span class='ocrx_word' id='word_1_82' title='bbox 619 1314 727 1372; x_wconf 88' lang='lat' dir='ltr'><em>corpus</em></span> <span class='ocrx_word' id='word_1_83' title='bbox 742 1301 832 1356; x_wconf 89' lang='lat' dir='ltr'><em>inane</em></span> <span class='ocrx_word' id='word_1_84' title='bbox 845 1312 940 1369; x_wconf 85' lang='lat' dir='ltr'><em>roqos.</em></span> 
     </span>
     <span class='ocr_line' id='line_1_14' title="bbox 238 1381 974 1442; baseline -0.005 0"><span class='ocrx_word' id='word_1_85' title='bbox 238 1385 355 1442; x_wconf 80' lang='lat' dir='ltr'><em>Gaudet</em></span> <span class='ocrx_word' id='word_1_86' title='bbox 365 1388 394 1442; x_wconf 91' lang='lat' dir='ltr'><em>et</em></span> <span class='ocrx_word' id='word_1_87' title='bbox 406 1399 423 1440; x_wconf 92' lang='lat' dir='ltr'><em>e</em></span> <span class='ocrx_word' id='word_1_88' title='bbox 436 1387 534 1440; x_wconf 87' lang='lat' dir='ltr'><em>nostro</em></span> <span class='ocrx_word' id='word_1_89' title='bbox 547 1384 653 1440; x_wconf 88' lang='lat' dir='ltr'><em>crescit</em></span> <span class='ocrx_word' id='word_1_90' title='bbox 666 1396 801 1440; x_wconf 87' lang='lat' dir='ltr'><em>maerore</em></span> <span class='ocrx_word' id='word_1_91' title='bbox 816 1381 974 1440; x_wconf 74' lang='lat' dir='ltr'><em>Charaxus</em></span> 
     </span>
     <span class='ocr_line' id='line_1_15' title="bbox 276 1465 976 1538; baseline -0.003 -14"><span class='ocrx_word' id='word_1_92' title='bbox 276 1467 400 1537; x_wconf 85' lang='lat' dir='ltr'><em>Frater,</em></span> <span class='ocrx_word' id='word_1_93' title='bbox 420 1471 448 1524; x_wconf 92' lang='lat' dir='ltr'><em>et</em></span> <span class='ocrx_word' id='word_1_94' title='bbox 462 1470 530 1523; x_wconf 90' lang='lat' dir='ltr'><em>ante</em></span> <span class='ocrx_word' id='word_1_95' title='bbox 544 1467 641 1524; x_wconf 87' lang='lat' dir='ltr'><em>oculos</em></span> <span class='ocrx_word' id='word_1_96' title='bbox 654 1465 877 1538; x_wconf 88' lang='lat' dir='ltr'><em>itque-reditque</em></span> <span class='ocrx_word' id='word_1_97' title='bbox 890 1480 976 1523; x_wconf 88' lang='lat' dir='ltr'><em>meos.</em></span> 
     </span>
     <span class='ocr_line' id='line_1_16' title="bbox 238 1549 946 1623; baseline -0.003 -15"><span class='ocrx_word' id='word_1_98' title='bbox 238 1549 329 1623; x_wconf 85' lang='lat' dir='ltr'><em>thue</em></span> <span class='ocrx_word' id='word_1_99' title='bbox 339 1549 486 1622; x_wconf 92' lang='lat' dir='ltr'><em>pudenda</em></span> <span class='ocrx_word' id='word_1_100' title='bbox 500 1551 558 1606; x_wconf 91' lang='lat' dir='ltr'><em>mei</em></span> <span class='ocrx_word' id='word_1_101' title='bbox 570 1549 706 1606; x_wconf 85' lang='lat' dir='ltr'><em>rideatur</em></span> <span class='ocrx_word' id='word_1_102' title='bbox 720 1563 813 1606; x_wconf 87' lang='lat' dir='ltr'><em>causa</em></span> <span class='ocrx_word' id='word_1_103' title='bbox 828 1550 946 1622; x_wconf 78' lang='lat' dir='ltr'><em>doloris,</em></span> 
     </span>
     <span class='ocr_line' id='line_1_17' title="bbox 152 1629 1233 1702; baseline -0.004 -8"><span class='ocrx_word' id='word_1_104' title='bbox 152 1644 222 1694; x_wconf 57' lang='lat'><em>420</em></span> <span class='ocrx_word' id='word_1_105' title='bbox 275 1633 367 1702; x_wconf 72' lang='lat' dir='ltr'><em>&lt;auia</em></span> <span class='ocrx_word' id='word_1_106' title='bbox 380 1629 566 1692; x_wconf 79' lang='lat' dir='ltr'><em>doletloaecl</em></span> <span class='ocrx_word' id='word_1_107' title='bbox 585 1637 663 1690; x_wconf 90' lang='lat' dir='ltr'><em>certe</em></span> <span class='ocrx_word' id='word_1_108' title='bbox 675 1634 741 1702; x_wconf 80' lang='lat' dir='ltr'><em>plia</em></span> <span class='ocrx_word' id='word_1_109' title='bbox 754 1634 834 1690; x_wconf 86' lang='lat' dir='ltr'><em>oioit&#39;</em></span> <span class='ocrx_word' id='word_1_110' title='bbox 849 1635 900 1690; x_wconf 90' lang='lat' dir='ltr'><em>ait.</em></span> <span class='ocrx_word' id='word_1_111' title='bbox 953 1675 959 1680; x_wconf 83' lang='lat'>.</span> <span class='ocrx_word' id='word_1_112' title='bbox 1232 1661 1233 1698; x_wconf 69' lang='lat'><em>,</em></span> 
     </span>
     <span class='ocr_line' id='line_1_18' title="bbox 235 1713 1233 1789; baseline 0.001 -15"><span class='ocrx_word' id='word_1_113' title='bbox 235 1717 300 1776; x_wconf 89' lang='lat' dir='ltr'><em>Non</em></span> <span class='ocrx_word' id='word_1_114' title='bbox 313 1718 432 1774; x_wconf 88' lang='lat' dir='ltr'><em>ueniunt</em></span> <span class='ocrx_word' id='word_1_115' title='bbox 447 1718 478 1773; x_wconf 92' lang='lat' dir='ltr'><em>in</em></span> <span class='ocrx_word' id='word_1_116' title='bbox 492 1716 570 1774; x_wconf 86' lang='lat' dir='ltr'><em>idem</em></span> <span class='ocrx_word' id='word_1_117' title='bbox 581 1715 682 1789; x_wconf 88' lang='lat' dir='ltr'><em>pudor</em></span> <span class='ocrx_word' id='word_1_118' title='bbox 697 1721 783 1788; x_wconf 91' lang='lat' dir='ltr'><em>atque</em></span> <span class='ocrx_word' id='word_1_119' title='bbox 797 1729 890 1773; x_wconf 89' lang='lat' dir='ltr'><em>amar.</em></span> <span class='ocrx_word' id='word_1_120' title='bbox 911 1729 995 1773; x_wconf 91' lang='lat' dir='ltr'><em>omne</em></span> <span class='ocrx_word' id='word_1_121' title='bbox 1010 1713 1133 1775; x_wconf 84' lang='lat' dir='ltr'><em>uidebat</em></span> <span class='ocrx_word' id='word_1_122' title='bbox 1232 1731 1233 1764; x_wconf 74' lang='grc'><strong>1</strong></span> 
     </span>
     <span class='ocr_line' id='line_1_19' title="bbox 286 1801 945 1872; baseline -0.005 -15"><span class='ocrx_word' id='word_1_123' title='bbox 286 1801 405 1871; x_wconf 80' lang='lat' dir='ltr'><em>Vulqus.</em></span> <span class='ocrx_word' id='word_1_124' title='bbox 426 1815 510 1857; x_wconf 88' lang='lat' dir='ltr'><em>eram</em></span> <span class='ocrx_word' id='word_1_125' title='bbox 523 1801 623 1866; x_wconf 86' lang='lat' dir='ltr'><em>lacero</em></span> <span class='ocrx_word' id='word_1_126' title='bbox 630 1805 737 1872; x_wconf 91' lang='lat' dir='ltr'><em>pectus</em></span> <span class='ocrx_word' id='word_1_127' title='bbox 751 1805 856 1872; x_wconf 89' lang='lat' dir='ltr'><em>aperta</em></span> <span class='ocrx_word' id='word_1_128' title='bbox 870 1801 945 1856; x_wconf 88' lang='lat' dir='ltr'><em>sinu.</em></span> 
     </span>
     <span class='ocr_line' id='line_1_20' title="bbox 240 1881 1068 1956; baseline -0.001 -15"><span class='ocrx_word' id='word_1_129' title='bbox 240 1882 282 1941; x_wconf 87' lang='lat' dir='ltr'><em>Tu</em></span> <span class='ocrx_word' id='word_1_130' title='bbox 297 1882 370 1940; x_wconf 77' lang='lat' dir='ltr'><em>milui</em></span> <span class='ocrx_word' id='word_1_131' title='bbox 381 1899 471 1952; x_wconf 86' lang='lat' dir='ltr'><em>cura,</em></span> <span class='ocrx_word' id='word_1_132' title='bbox 493 1882 607 1940; x_wconf 78' lang='lat' dir='ltr'><em>Phaon.</em></span> <span class='ocrx_word' id='word_1_133' title='bbox 631 1888 658 1940; x_wconf 93' lang='lat' dir='ltr'><em>te</em></span> <span class='ocrx_word' id='word_1_134' title='bbox 671 1885 784 1940; x_wconf 88' lang='lat' dir='ltr'><em>samnia</em></span> <span class='ocrx_word' id='word_1_135' title='bbox 798 1887 899 1941; x_wconf 89' lang='lat' dir='ltr'><em>nostro</em></span> <span class='ocrx_word' id='word_1_136' title='bbox 912 1881 1068 1956; x_wconf 87' lang='lat' dir='ltr'><em>reducunt,</em></span> 
     </span>
     <span class='ocr_line' id='line_1_21' title="bbox 279 1963 803 2035; baseline 0.004 -15"><span class='ocrx_word' id='word_1_137' title='bbox 279 1965 398 2024; x_wconf 82' lang='lat' dir='ltr'><em>Somnia</em></span> <span class='ocrx_word' id='word_1_138' title='bbox 409 1963 541 2035; x_wconf 85' lang='lat' dir='ltr'><em>formoso</em></span> <span class='ocrx_word' id='word_1_139' title='bbox 555 1966 733 2024; x_wconf 84' lang='lat' dir='ltr'><em>candidiora</em></span> <span class='ocrx_word' id='word_1_140' title='bbox 747 1965 803 2023; x_wconf 89' lang='lat' dir='ltr'><em>die.</em></span> 
     </span>
     <span class='ocr_line' id='line_1_22' title="bbox 172 2048 966 2122; baseline -0.009 -10"><span class='ocrx_word' id='word_1_141' title='bbox 172 2058 222 2112; x_wconf 77' lang='lat'><em>125</em></span> <span class='ocrx_word' id='word_1_142' title='bbox 233 2049 302 2108; x_wconf 88' lang='lat' dir='ltr'><em>Illic</em></span> <span class='ocrx_word' id='word_1_143' title='bbox 316 2055 343 2108; x_wconf 87' lang='lat' dir='ltr'><em>te</em></span> <span class='ocrx_word' id='word_1_144' title='bbox 358 2050 486 2120; x_wconf 85' lang='lat' dir='ltr'><em>inuenio,</em></span> <span class='ocrx_word' id='word_1_145' title='bbox 508 2064 686 2122; x_wconf 91' lang='lat' dir='ltr'><em>quamquam</em></span> <span class='ocrx_word' id='word_1_146' title='bbox 699 2048 866 2120; x_wconf 80' lang='lat' dir='ltr'><em>ropionibus</em></span> <span class='ocrx_word' id='word_1_147' title='bbox 880 2049 966 2108; x_wconf 74' lang='lat' dir='ltr'><em>absis.</em></span> 
     </span>
     <span class='ocr_line' id='line_1_23' title="bbox 278 2131 966 2204; baseline -0.004 -12"><span class='ocrx_word' id='word_1_148' title='bbox 278 2131 340 2192; x_wconf 84' lang='lat' dir='ltr'><em>Sed</em></span> <span class='ocrx_word' id='word_1_149' title='bbox 351 2148 410 2190; x_wconf 91' lang='lat' dir='ltr'><em>non</em></span> <span class='ocrx_word' id='word_1_150' title='bbox 426 2135 515 2203; x_wconf 85' lang='lat' dir='ltr'><em>lonqa</em></span> <span class='ocrx_word' id='word_1_151' title='bbox 530 2135 601 2191; x_wconf 89' lang='lat' dir='ltr'><em>satis</em></span> <span class='ocrx_word' id='word_1_152' title='bbox 612 2133 727 2204; x_wconf 83' lang='lat' dir='ltr'><em>qaudia</em></span> <span class='ocrx_word' id='word_1_153' title='bbox 741 2147 858 2191; x_wconf 88' lang='lat' dir='ltr'><em>somnus</em></span> <span class='ocrx_word' id='word_1_154' title='bbox 873 2133 966 2191; x_wconf 81' lang='lat' dir='ltr'><em>nabet.</em></span> 
     </span>
     <span class='ocr_line' id='line_1_24' title="bbox 237 2217 940 2289; baseline 0 -15"><span class='ocrx_word' id='word_1_155' title='bbox 237 2217 333 2289; x_wconf 80' lang='lat' dir='ltr'><em>Saepe</em></span> <span class='ocrx_word' id='word_1_156' title='bbox 347 2221 409 2274; x_wconf 91' lang='lat' dir='ltr'><em>tuas</em></span> <span class='ocrx_word' id='word_1_157' title='bbox 424 2221 527 2274; x_wconf 88' lang='lat' dir='ltr'><em>nostra</em></span> <span class='ocrx_word' id='word_1_158' title='bbox 540 2219 653 2274; x_wconf 86' lang='lat' dir='ltr'><em>ceruice</em></span> <span class='ocrx_word' id='word_1_159' title='bbox 667 2231 793 2274; x_wconf 87' lang='lat' dir='ltr'><em>onerare</em></span> <span class='ocrx_word' id='word_1_160' title='bbox 807 2218 940 2289; x_wconf 86' lang='lat' dir='ltr'><em>lacertos,</em></span> 
     </span>
     <span class='ocr_line' id='line_1_25' title="bbox 279 2298 870 2373; baseline -0.002 -15"><span class='ocrx_word' id='word_1_161' title='bbox 279 2299 375 2372; x_wconf 82' lang='lat' dir='ltr'><em>Saepe</em></span> <span class='ocrx_word' id='word_1_162' title='bbox 389 2304 457 2356; x_wconf 91' lang='lat' dir='ltr'><em>tuae</em></span> <span class='ocrx_word' id='word_1_163' title='bbox 470 2298 571 2358; x_wconf 84' lang='lat' dir='ltr'><em>uideor</em></span> <span class='ocrx_word' id='word_1_164' title='bbox 584 2302 770 2373; x_wconf 73' lang='lat' dir='ltr'><em>supposuisse</em></span> <span class='ocrx_word' id='word_1_165' title='bbox 784 2315 870 2358; x_wconf 89' lang='lat' dir='ltr'><em>meos.</em></span> 
     </span>
     <span class='ocr_line' id='line_1_26' title="bbox 241 2382 981 2455; baseline -0.001 -13"><span class='ocrx_word' id='word_1_166' title='bbox 241 2382 346 2442; x_wconf 88' lang='lat' dir='ltr'><em>Oscula</em></span> <span class='ocrx_word' id='word_1_167' title='bbox 360 2396 513 2454; x_wconf 81' lang='lat' dir='ltr'><em>capnosco,</em></span> <span class='ocrx_word' id='word_1_168' title='bbox 535 2399 611 2455; x_wconf 90' lang='lat' dir='ltr'><em>quae</em></span> <span class='ocrx_word' id='word_1_169' title='bbox 627 2389 658 2440; x_wconf 94' lang='lat' dir='ltr'><em>tu</em></span> <span class='ocrx_word' id='word_1_170' title='bbox 672 2385 847 2441; x_wconf 88' lang='lat' dir='ltr'><em>committere</em></span> <span class='ocrx_word' id='word_1_171' title='bbox 860 2382 981 2455; x_wconf 82' lang='lat' dir='ltr'><em>linquae</em></span> 
     </span>
     <span class='ocr_line' id='line_1_27' title="bbox 174 2465 945 2540; baseline -0.006 -12"><span class='ocrx_word' id='word_1_172' title='bbox 174 2475 225 2528; x_wconf 83' lang='lat'><em>130</em></span> <span class='ocrx_word' id='word_1_173' title='bbox 278 2465 414 2538; x_wconf 79' lang='lat' dir='ltr'><em>Aptaque</em></span> <span class='ocrx_word' id='word_1_174' title='bbox 427 2481 587 2524; x_wconf 86' lang='lat' dir='ltr'><em>consueras</em></span> <span class='ocrx_word' id='word_1_175' title='bbox 601 2468 753 2540; x_wconf 88' lang='lat' dir='ltr'><em>accipere,</em></span> <span class='ocrx_word' id='word_1_176' title='bbox 774 2473 847 2540; x_wconf 89' lang='lat' dir='ltr'><em>apta</em></span> <span class='ocrx_word' id='word_1_177' title='bbox 862 2467 945 2524; x_wconf 88' lang='lat' dir='ltr'><em>dare.</em></span> 
     </span>
     <span class='ocr_line' id='line_1_28' title="bbox 237 2548 980 2623; baseline 0.003 -17"><span class='ocrx_word' id='word_1_178' title='bbox 237 2548 387 2608; x_wconf 82' lang='lat' dir='ltr'><em>Blandior</em></span> <span class='ocrx_word' id='word_1_179' title='bbox 401 2550 562 2622; x_wconf 89' lang='lat' dir='ltr'><em>interdum,</em></span> <span class='ocrx_word' id='word_1_180' title='bbox 584 2552 718 2623; x_wconf 85' lang='lat' dir='ltr'><em>verisque</em></span> <span class='ocrx_word' id='word_1_181' title='bbox 730 2551 878 2610; x_wconf 81' lang='lat' dir='ltr'><em>simillium</em></span> <span class='ocrx_word' id='word_1_182' title='bbox 891 2549 980 2608; x_wconf 76' lang='lat' dir='ltr'><em>amba</em></span> 
     </span>
     <span class='ocr_line' id='line_1_29' title="bbox 279 2632 1055 2706; baseline 0 -16"><span class='ocrx_word' id='word_1_183' title='bbox 279 2632 424 2706; x_wconf 81' lang='lat' dir='ltr'><em>Eloquar,</em></span> <span class='ocrx_word' id='word_1_184' title='bbox 445 2638 476 2690; x_wconf 87' lang='lat' dir='ltr'><em>et</em></span> <span class='ocrx_word' id='word_1_185' title='bbox 486 2635 610 2705; x_wconf 88' lang='lat' dir='ltr'><em>aiqilant</em></span> <span class='ocrx_word' id='word_1_186' title='bbox 622 2634 752 2692; x_wconf 81' lang='lat' dir='ltr'><em>semiim</em></span> <span class='ocrx_word' id='word_1_187' title='bbox 765 2649 820 2692; x_wconf 86' lang='lat' dir='ltr'><em>ora</em></span> <span class='ocrx_word' id='word_1_188' title='bbox 836 2635 923 2692; x_wconf 88' lang='lat' dir='ltr'><em>meis:</em></span> <span class='ocrx_word' id='word_1_189' title='bbox 1052 2636 1055 2640; x_wconf 85' lang='lat'>&#39;</span> 
     </span>
     <span class='ocr_line' id='line_1_30' title="bbox 243 2715 931 2790; baseline 0 -16"><span class='ocrx_word' id='word_1_190' title='bbox 243 2715 388 2774; x_wconf 86' lang='lat' dir='ltr'><em>Ulteriora</em></span> <span class='ocrx_word' id='word_1_191' title='bbox 395 2716 496 2790; x_wconf 87' lang='lat' dir='ltr'><em>pudet</em></span> <span class='ocrx_word' id='word_1_192' title='bbox 506 2731 650 2787; x_wconf 87' lang='lat' dir='ltr'><em>narrare,</em></span> <span class='ocrx_word' id='word_1_193' title='bbox 672 2717 726 2775; x_wconf 92' lang='lat' dir='ltr'><em>sed</em></span> <span class='ocrx_word' id='word_1_194' title='bbox 737 2719 836 2776; x_wconf 88' lang='lat' dir='ltr'><em>omniu</em></span> <span class='ocrx_word' id='word_1_195' title='bbox 847 2719 931 2790; x_wconf 77' lang='lat' dir='ltr'><em>fiunt,</em></span> 
     </span>
     <span class='ocr_line' id='line_1_31' title="bbox 193 2800 912 2880; baseline 0.003 -24"><span class='ocrx_word' id='word_1_196' title='bbox 193 2875 197 2880; x_wconf 31' lang='grc'>,</span> <span class='ocrx_word' id='word_1_197' title='bbox 279 2800 319 2858; x_wconf 89' lang='lat' dir='ltr'><em>Et</em></span> <span class='ocrx_word' id='word_1_198' title='bbox 331 2802 424 2872; x_wconf 87' lang='lat' dir='ltr'><em>iurat,</em></span> <span class='ocrx_word' id='word_1_199' title='bbox 446 2807 475 2858; x_wconf 92' lang='lat' dir='ltr'><em>et</em></span> <span class='ocrx_word' id='word_1_200' title='bbox 486 2802 549 2859; x_wconf 90' lang='lat' dir='ltr'><em>sine</em></span> <span class='ocrx_word' id='word_1_201' title='bbox 562 2807 592 2859; x_wconf 88' lang='lat' dir='ltr'><em>te</em></span> <span class='ocrx_word' id='word_1_202' title='bbox 603 2815 661 2858; x_wconf 91' lang='lat' dir='ltr'><em>non</em></span> <span class='ocrx_word' id='word_1_203' title='bbox 676 2803 745 2860; x_wconf 88' lang='lat' dir='ltr'><em>licet</em></span> <span class='ocrx_word' id='word_1_204' title='bbox 756 2817 818 2859; x_wconf 89' lang='lat' dir='ltr'><em>esse</em></span> <span class='ocrx_word' id='word_1_205' title='bbox 831 2801 912 2859; x_wconf 78' lang='lat' dir='ltr'><em>milti.</em></span> 
     </span>
     <span class='ocr_line' id='line_1_32' title="bbox 175 2882 910 2956; baseline -0.004 -11"><span class='ocrx_word' id='word_1_206' title='bbox 175 2891 225 2945; x_wconf 83' lang='lat'><em>135</em></span> <span class='ocrx_word' id='word_1_207' title='bbox 237 2882 275 2940; x_wconf 89' lang='lat' dir='ltr'><em>At</em></span> <span class='ocrx_word' id='word_1_208' title='bbox 287 2899 354 2942; x_wconf 93' lang='lat' dir='ltr'><em>cum</em></span> <span class='ocrx_word' id='word_1_209' title='bbox 367 2900 399 2941; x_wconf 86' lang='lat' dir='ltr'><em>se</em></span> <span class='ocrx_word' id='word_1_210' title='bbox 417 2882 502 2942; x_wconf 82' lang='lat' dir='ltr'><em>Titan</em></span> <span class='ocrx_word' id='word_1_211' title='bbox 515 2884 640 2943; x_wconf 87' lang='lat' dir='ltr'><em>ostendit</em></span> <span class='ocrx_word' id='word_1_212' title='bbox 651 2889 681 2942; x_wconf 87' lang='lat' dir='ltr'><em>et</em></span> <span class='ocrx_word' id='word_1_213' title='bbox 692 2887 790 2943; x_wconf 89' lang='lat' dir='ltr'><em>omnia</em></span> <span class='ocrx_word' id='word_1_214' title='bbox 804 2899 910 2956; x_wconf 88' lang='lat' dir='ltr'><em>secum,</em></span> 
     </span>
     <span class='ocr_line' id='line_1_33' title="bbox 285 2964 1233 3040; baseline 0.009 -17"><span class='ocrx_word' id='word_1_215' title='bbox 285 2964 356 3023; x_wconf 88' lang='lat' dir='ltr'><em>Tam</em></span> <span class='ocrx_word' id='word_1_216' title='bbox 370 2969 426 3025; x_wconf 92' lang='lat' dir='ltr'><em>cito</em></span> <span class='ocrx_word' id='word_1_217' title='bbox 439 2983 485 3026; x_wconf 90' lang='lat' dir='ltr'><em>me</em></span> <span class='ocrx_word' id='word_1_218' title='bbox 498 2982 612 3026; x_wconf 84' lang='lat' dir='ltr'><em>somnos</em></span> <span class='ocrx_word' id='word_1_219' title='bbox 627 2968 788 3027; x_wconf 89' lang='lat' dir='ltr'><em>destituisse</em></span> <span class='ocrx_word' id='word_1_220' title='bbox 802 2983 919 3040; x_wconf 88' lang='lat' dir='ltr'><em>queror.</em></span> <span class='ocrx_word' id='word_1_221' title='bbox 1232 3027 1233 3032; x_wconf 73' lang='grc'>,</span> 
     </span>
     <span class='ocr_line' id='line_1_34' title="bbox 237 3048 1171 3125; baseline 0.003 -20"><span class='ocrx_word' id='word_1_222' title='bbox 237 3048 334 3106; x_wconf 81' lang='lat' dir='ltr'><em>Antra</em></span> <span class='ocrx_word' id='word_1_223' title='bbox 348 3065 505 3123; x_wconf 81' lang='lat' dir='ltr'><em>nemusque</em></span> <span class='ocrx_word' id='word_1_224' title='bbox 515 3057 597 3124; x_wconf 92' lang='lat' dir='ltr'><em>peto,</em></span> <span class='ocrx_word' id='word_1_225' title='bbox 619 3057 768 3125; x_wconf 84' lang='lat' dir='ltr'><em>tamquam</em></span> <span class='ocrx_word' id='word_1_226' title='bbox 779 3067 881 3112; x_wconf 88' lang='lat' dir='ltr'><em>nemus</em></span> <span class='ocrx_word' id='word_1_227' title='bbox 891 3056 1039 3125; x_wconf 87' lang='lat' dir='ltr'><em>antraque</em></span> <span class='ocrx_word' id='word_1_228' title='bbox 1047 3048 1171 3124; x_wconf 85' lang='lat' dir='ltr'><em>prosint.</em></span> 
     </span>
     <span class='ocr_line' id='line_1_35' title="bbox 281 3131 1233 3206; baseline 0.011 -17"><span class='ocrx_word' id='word_1_229' title='bbox 281 3131 403 3191; x_wconf 82' lang='lat' dir='ltr'><em>Conscia</em></span> <span class='ocrx_word' id='word_1_230' title='bbox 418 3133 531 3193; x_wconf 85' lang='lat' dir='ltr'><em>deliciis</em></span> <span class='ocrx_word' id='word_1_231' title='bbox 545 3137 597 3193; x_wconf 90' lang='lat' dir='ltr'><em>illa</em></span> <span class='ocrx_word' id='word_1_232' title='bbox 610 3135 699 3206; x_wconf 84' lang='lat' dir='ltr'><em>suere</em></span> <span class='ocrx_word' id='word_1_233' title='bbox 712 3139 792 3195; x_wconf 88' lang='lat' dir='ltr'><em>mois.</em></span> <span class='ocrx_word' id='word_1_234' title='bbox 1232 3141 1233 3158; x_wconf 66' lang='lat'>¹</span> 
     </span>
     <span class='ocr_line' id='line_1_36' title="bbox 237 3215 992 3292; baseline 0.005 -18"><span class='ocrx_word' id='word_1_235' title='bbox 237 3215 315 3275; x_wconf 90' lang='lat' dir='ltr'><em>Illuc</em></span> <span class='ocrx_word' id='word_1_236' title='bbox 328 3220 432 3276; x_wconf 90' lang='lat' dir='ltr'><em>mentis</em></span> <span class='ocrx_word' id='word_1_237' title='bbox 445 3217 543 3292; x_wconf 80' lang='lat' dir='ltr'><em>inops,</em></span> <span class='ocrx_word' id='word_1_238' title='bbox 564 3223 598 3277; x_wconf 90' lang='lat' dir='ltr'><em>ut</em></span> <span class='ocrx_word' id='word_1_239' title='bbox 610 3235 699 3292; x_wconf 92' lang='lat' dir='ltr'><em>quam</em></span> <span class='ocrx_word' id='word_1_240' title='bbox 710 3220 836 3291; x_wconf 81' lang='lat' dir='ltr'><em>furialis</em></span> <span class='ocrx_word' id='word_1_241' title='bbox 849 3219 992 3280; x_wconf 78' lang='lat' dir='ltr'><em>Ericlttlto</em></span> 
     </span>
     <span class='ocr_line' id='line_1_37' title="bbox 172 3296 887 3375; baseline 0.01 -20"><span class='ocrx_word' id='word_1_242' title='bbox 172 3309 225 3363; x_wconf 81' lang='lat'><em>140</em></span> <span class='ocrx_word' id='word_1_243' title='bbox 278 3296 415 3374; x_wconf 87' lang='lat' dir='ltr'><em>Impulit,</em></span> <span class='ocrx_word' id='word_1_244' title='bbox 437 3303 468 3359; x_wconf 93' lang='lat' dir='ltr'><em>in</em></span> <span class='ocrx_word' id='word_1_245' title='bbox 482 3304 555 3361; x_wconf 83' lang='lat' dir='ltr'><em>eollo</em></span> <span class='ocrx_word' id='word_1_246' title='bbox 570 3307 653 3362; x_wconf 88' lang='lat' dir='ltr'><em>crine</em></span> <span class='ocrx_word' id='word_1_247' title='bbox 666 3306 779 3364; x_wconf 88' lang='lat' dir='ltr'><em>iacente</em></span> <span class='ocrx_word' id='word_1_248' title='bbox 790 3304 887 3375; x_wconf 83' lang='lat' dir='ltr'><em>seror.</em></span> 
     </span>
     <span class='ocr_line' id='line_1_38' title="bbox 175 3380 934 3462; baseline 0.011 -24"><span class='ocrx_word' id='word_1_249' title='bbox 175 3423 179 3429; x_wconf 84' lang='lat'>.</span> <span class='ocrx_word' id='word_1_250' title='bbox 236 3380 333 3440; x_wconf 89' lang='lat' dir='ltr'><em>Antra</em></span> <span class='ocrx_word' id='word_1_251' title='bbox 347 3384 446 3443; x_wconf 87' lang='lat' dir='ltr'><em>vident</em></span> <span class='ocrx_word' id='word_1_252' title='bbox 457 3388 537 3444; x_wconf 88' lang='lat' dir='ltr'><em>oculi</em></span> <span class='ocrx_word' id='word_1_253' title='bbox 547 3388 652 3446; x_wconf 74' lang='lat' dir='ltr'><em>scultro</em></span> <span class='ocrx_word' id='word_1_254' title='bbox 661 3389 825 3460; x_wconf 87' lang='lat' dir='ltr'><em>pendentia</em></span> <span class='ocrx_word' id='word_1_255' title='bbox 838 3388 934 3462; x_wconf 78' lang='lat' dir='ltr'><em>topho,</em></span> 
     </span>
     <span class='ocr_line' id='line_1_39' title="bbox 281 3465 1015 3542; baseline 0.004 -18"><span class='ocrx_word' id='word_1_256' title='bbox 281 3465 364 3533; x_wconf 79' lang='lat' dir='ltr'><em>auae</em></span> <span class='ocrx_word' id='word_1_257' title='bbox 377 3467 450 3524; x_wconf 80' lang='lat' dir='ltr'><em>miii</em></span> <span class='ocrx_word' id='word_1_258' title='bbox 461 3469 619 3542; x_wconf 80' lang='lat' dir='ltr'><em>qudonii</em></span> <span class='ocrx_word' id='word_1_259' title='bbox 630 3475 786 3532; x_wconf 90' lang='lat' dir='ltr'><em>marmoris</em></span> <span class='ocrx_word' id='word_1_260' title='bbox 800 3475 896 3531; x_wconf 88' lang='lat' dir='ltr'><em>instar</em></span> <span class='ocrx_word' id='word_1_261' title='bbox 909 3474 1015 3532; x_wconf 74' lang='lat' dir='ltr'><em>mant:</em></span> 
     </span>
     <span class='ocr_line' id='line_1_40' title="bbox 237 3546 912 3631; baseline 0.015 -27"><span class='ocrx_word' id='word_1_262' title='bbox 237 3546 359 3608; x_wconf 82' lang='lat' dir='ltr'><em>Invenio</em></span> <span class='ocrx_word' id='word_1_263' title='bbox 373 3553 491 3624; x_wconf 87' lang='lat' dir='ltr'><em>siluam,</em></span> <span class='ocrx_word' id='word_1_264' title='bbox 513 3571 590 3628; x_wconf 89' lang='lat' dir='ltr'><em>quae</em></span> <span class='ocrx_word' id='word_1_265' title='bbox 603 3573 691 3631; x_wconf 89' lang='lat' dir='ltr'><em>saepe</em></span> <span class='ocrx_word' id='word_1_266' title='bbox 706 3559 815 3617; x_wconf 86' lang='lat' dir='ltr'><em>cubilia</em></span> <span class='ocrx_word' id='word_1_267' title='bbox 830 3556 912 3615; x_wconf 81' lang='lat' dir='ltr'><em>nohis</em></span> 
     </span>
    </p>
   </div>
   <div class='ocr_carea' id='block_1_3' title="bbox 0 0 1259 4006">
    <p class='ocr_par' dir='ltr' id='par_1_3' title="bbox 0 0 1259 4006">
     <span class='ocr_line' id='line_1_41' title="bbox 0 0 1259 4006; baseline 0 0"><span class='ocrx_word' id='word_1_268' title='bbox 0 0 1259 4006; x_wconf 95' lang='lat' dir='ltr'><em> </em></span> 
     </span>
    </p>
   </div>
  </div>
 </body>
</html>
