<?xml version="1.0" encoding="UTF-8"?>
<!DOCTYPE html PUBLIC "-//W3C//DTD XHTML 1.0 Transitional//EN"
    "http://www.w3.org/TR/xhtml1/DTD/xhtml1-transitional.dtd">
<html xmlns="http://www.w3.org/1999/xhtml" xml:lang="en" lang="en">
 <head>
  <title>
</title>
<meta http-equiv="Content-Type" content="text/html;charset=utf-8" />
  <meta name='ocr-system' content='tesseract 3.04.00' />
  <meta name='ocr-capabilities' content='ocr_page ocr_carea ocr_par ocr_line ocrx_word'/>
</head>
<body>
  <div class='ocr_page' id='page_1' title='image "./povidiusnaso02merkgoog_0105.png"; bbox 0 0 2488 4006; ppageno 0'>
   <div class='ocr_carea' id='block_1_1' title="bbox 145 303 781 370">
    <p class='ocr_par' dir='ltr' id='par_1_1' title="bbox 145 303 781 370">
     <span class='ocr_line' id='line_1_1' title="bbox 145 303 781 370; baseline -0.011 0"><span class='ocrx_word' id='word_1_1' title='bbox 145 307 191 370; x_wconf 73' lang='lat'>80</span> <span class='ocrx_word' id='word_1_2' title='bbox 535 303 781 366; x_wconf 79' lang='lat' dir='ltr'><strong>HEROIDES.</strong></span> 
     </span>
    </p>
   </div>
   <div class='ocr_carea' id='block_1_2' title="bbox 146 456 1176 3621">
    <p class='ocr_par' dir='ltr' id='par_1_2' title="bbox 146 456 1176 3621">
     <span class='ocr_line' id='line_1_2' title="bbox 223 456 1100 532; baseline -0.006 -12"><span class='ocrx_word' id='word_1_3' title='bbox 223 460 380 520; x_wconf 70' lang='lat' dir='ltr'>sirmate</span> <span class='ocrx_word' id='word_1_4' title='bbox 396 459 511 532; x_wconf 86' lang='lat' dir='ltr'>vixque</span> <span class='ocrx_word' id='word_1_5' title='bbox 526 456 607 517; x_wconf 80' lang='lat' dir='ltr'><strong>subit</strong></span> <span class='ocrx_word' id='word_1_6' title='bbox 623 458 738 531; x_wconf 91' lang='lat' dir='ltr'>primos</span> <span class='ocrx_word' id='word_1_7' title='bbox 752 458 828 515; x_wconf 90' lang='lat' dir='ltr'>rude</span> <span class='ocrx_word' id='word_1_8' title='bbox 843 463 952 530; x_wconf 86' lang='lat' dir='ltr'>pectus</span> <span class='ocrx_word' id='word_1_9' title='bbox 968 471 1100 528; x_wconf 71' lang='lat' dir='ltr'>amores</span> 
     </span>
     <span class='ocr_line' id='line_1_3' title="bbox 277 540 1091 616; baseline -0.006 -13"><span class='ocrx_word' id='word_1_10' title='bbox 277 543 465 616; x_wconf 82' lang='lat' dir='ltr'>Sarcinaque</span> <span class='ocrx_word' id='word_1_11' title='bbox 480 541 556 600; x_wconf 89' lang='lat' dir='ltr'>haec</span> <span class='ocrx_word' id='word_1_12' title='bbox 572 541 671 600; x_wconf 90' lang='lat' dir='ltr'>animo</span> <span class='ocrx_word' id='word_1_13' title='bbox 687 556 747 599; x_wconf 94' lang='lat' dir='ltr'>non</span> <span class='ocrx_word' id='word_1_14' title='bbox 764 540 853 599; x_wconf 91' lang='lat' dir='ltr'>sedet</span> <span class='ocrx_word' id='word_1_15' title='bbox 867 545 938 614; x_wconf 89' lang='lat' dir='ltr'>apta</span> <span class='ocrx_word' id='word_1_16' title='bbox 952 555 1031 598; x_wconf 89' lang='lat' dir='ltr'>meo.</span> <span class='ocrx_word' id='word_1_17' title='bbox 1088 610 1091 614; x_wconf 83' lang='lat'><em>.</em></span> 
     </span>
     <span class='ocr_line' id='line_1_4' title="bbox 189 623 1049 698; baseline -0.012 -10"><span class='ocrx_word' id='word_1_18' title='bbox 189 637 225 688; x_wconf 82' lang='lat'>25</span> <span class='ocrx_word' id='word_1_19' title='bbox 236 628 297 686; x_wconf 88' lang='lat' dir='ltr'>Ars</span> <span class='ocrx_word' id='word_1_20' title='bbox 314 627 361 698; x_wconf 88' lang='lat' dir='ltr'>fit,</span> <span class='ocrx_word' id='word_1_21' title='bbox 381 626 434 685; x_wconf 91' lang='lat' dir='ltr'>ubi</span> <span class='ocrx_word' id='word_1_22' title='bbox 449 625 594 684; x_wconf 90' lang='lat' dir='ltr'>ateneris</span> <span class='ocrx_word' id='word_1_23' title='bbox 611 625 723 682; x_wconf 88' lang='lat' dir='ltr'>crimen</span> <span class='ocrx_word' id='word_1_24' title='bbox 742 623 930 683; x_wconf 76' lang='lat' dir='ltr'>condiscitur</span> <span class='ocrx_word' id='word_1_25' title='bbox 944 623 1049 683; x_wconf 73' lang='lat' dir='ltr'>annisr</span> 
     </span>
     <span class='ocr_line' id='line_1_5' title="bbox 277 707 1176 783; baseline -0.003 -15"><span class='ocrx_word' id='word_1_26' title='bbox 277 709 360 782; x_wconf 80' lang='lat' dir='ltr'>Quae</span> <span class='ocrx_word' id='word_1_27' title='bbox 373 711 455 768; x_wconf 87' lang='lat' dir='ltr'>venit</span> <span class='ocrx_word' id='word_1_28' title='bbox 469 716 577 767; x_wconf 88' lang='lat' dir='ltr'>exacto</span> <span class='ocrx_word' id='word_1_29' title='bbox 594 716 746 783; x_wconf 87' lang='lat' dir='ltr'>ternpore,</span> <span class='ocrx_word' id='word_1_30' title='bbox 770 707 858 780; x_wconf 87' lang='lat' dir='ltr'>peius</span> <span class='ocrx_word' id='word_1_31' title='bbox 873 714 963 766; x_wconf 89' lang='lat' dir='ltr'>amat.</span> <span class='ocrx_word' id='word_1_32' title='bbox 1132 739 1176 752; x_wconf 85' lang='lat'>—-</span> 
     </span>
     <span class='ocr_line' id='line_1_6' title="bbox 233 785 939 864; baseline -0.01 -13"><span class='ocrx_word' id='word_1_33' title='bbox 233 794 277 852; x_wconf 89' lang='lat' dir='ltr'>Tu</span> <span class='ocrx_word' id='word_1_34' title='bbox 291 809 372 852; x_wconf 91' lang='lat' dir='ltr'>nova</span> <span class='ocrx_word' id='word_1_35' title='bbox 387 801 527 852; x_wconf 90' lang='lat' dir='ltr'>servatae</span> <span class='ocrx_word' id='word_1_36' title='bbox 542 785 652 864; x_wconf 87' lang='lat' dir='ltr'>carpe‘s</span> <span class='ocrx_word' id='word_1_37' title='bbox 667 791 811 849; x_wconf 80' lang='lat' dir='ltr'>libamina</span> <span class='ocrx_word' id='word_1_38' title='bbox 828 791 939 849; x_wconf 83' lang='lat' dir='ltr'>lamae:</span> 
     </span>
     <span class='ocr_line' id='line_1_7' title="bbox 192 874 946 950; baseline -0.007 -15"><span class='ocrx_word' id='word_1_39' title='bbox 192 945 193 948; x_wconf 8' lang='grc' dir='ltr'><strong>Ἴ</strong></span> <span class='ocrx_word' id='word_1_40' title='bbox 276 876 313 934; x_wconf 87' lang='lat' dir='ltr'>Et</span> <span class='ocrx_word' id='word_1_41' title='bbox 329 877 442 950; x_wconf 89' lang='lat' dir='ltr'>pariter</span> <span class='ocrx_word' id='word_1_42' title='bbox 455 882 593 934; x_wconf 87' lang='lat' dir='ltr'>nostrum</span> <span class='ocrx_word' id='word_1_43' title='bbox 608 874 660 932; x_wconf 86' lang='lat' dir='ltr'>riet</span> <span class='ocrx_word' id='word_1_44' title='bbox 675 881 804 947; x_wconf 89' lang='lat' dir='ltr'>uterque</span> <span class='ocrx_word' id='word_1_45' title='bbox 819 888 946 932; x_wconf 79' lang='lat' dir='ltr'>nocens</span> 
     </span>
     <span class='ocr_line' id='line_1_8' title="bbox 196 957 957 1034; baseline -0.004 -16"><span class='ocrx_word' id='word_1_46' title='bbox 196 1029 198 1033; x_wconf 18' lang='lat'>⁸</span> <span class='ocrx_word' id='word_1_47' title='bbox 233 961 288 1018; x_wconf 87' lang='lat' dir='ltr'>Est</span> <span class='ocrx_word' id='word_1_48' title='bbox 302 959 432 1034; x_wconf 89' lang='lat' dir='ltr'>aliquid,</span> <span class='ocrx_word' id='word_1_49' title='bbox 456 958 556 1032; x_wconf 89' lang='lat' dir='ltr'>plenis</span> <span class='ocrx_word' id='word_1_50' title='bbox 570 957 709 1032; x_wconf 89' lang='lat' dir='ltr'>pomaria</span> <span class='ocrx_word' id='word_1_51' title='bbox 724 973 850 1031; x_wconf 90' lang='lat' dir='ltr'>carpere</span> <span class='ocrx_word' id='word_1_52' title='bbox 865 957 957 1015; x_wconf 88' lang='lat' dir='ltr'>ramis</span> 
     </span>
     <span class='ocr_line' id='line_1_9' title="bbox 188 1040 955 1116; baseline -0.012 -10"><span class='ocrx_word' id='word_1_53' title='bbox 188 1053 227 1106; x_wconf 82' lang='lat'>30</span> <span class='ocrx_word' id='word_1_54' title='bbox 278 1043 316 1102; x_wconf 85' lang='lat' dir='ltr'>Et</span> <span class='ocrx_word' id='word_1_55' title='bbox 328 1043 411 1102; x_wconf 89' lang='lat' dir='ltr'>tenui</span> <span class='ocrx_word' id='word_1_56' title='bbox 422 1042 554 1116; x_wconf 75' lang='lat' dir='ltr'>¹primum</span> <span class='ocrx_word' id='word_1_57' title='bbox 569 1040 712 1114; x_wconf 84' lang='lat' dir='ltr'>delegere</span> <span class='ocrx_word' id='word_1_58' title='bbox 726 1056 828 1114; x_wconf 83' lang='lat' dir='ltr'>ungue</span> <span class='ocrx_word' id='word_1_59' title='bbox 842 1056 955 1100; x_wconf 87' lang='lat' dir='ltr'>rosam.</span> 
     </span>
     <span class='ocr_line' id='line_1_10' title="bbox 235 1123 1054 1200; baseline -0.005 -14"><span class='ocrx_word' id='word_1_60' title='bbox 235 1126 268 1186; x_wconf 91' lang='lat' dir='ltr'>Si</span> <span class='ocrx_word' id='word_1_61' title='bbox 282 1135 381 1186; x_wconf 89' lang='lat' dir='ltr'>tamen</span> <span class='ocrx_word' id='word_1_62' title='bbox 397 1127 447 1184; x_wconf 89' lang='lat' dir='ltr'>ille</span> <span class='ocrx_word' id='word_1_63' title='bbox 461 1125 559 1200; x_wconf 88' lang='lat' dir='ltr'>prior,</span> <span class='ocrx_word' id='word_1_64' title='bbox 576 1141 645 1198; x_wconf 27' lang='lat' dir='ltr'>[quo</span> <span class='ocrx_word' id='word_1_65' title='bbox 660 1140 709 1183; x_wconf 90' lang='lat' dir='ltr'>me</span> <span class='ocrx_word' id='word_1_66' title='bbox 726 1123 934 1184; x_wconf 87' lang='lat' dir='ltr'>sinecrimine</span> <span class='ocrx_word' id='word_1_67' title='bbox 948 1125 1054 1198; x_wconf 44' lang='lat' dir='ltr'>pessis</span> 
     </span>
     <span class='ocr_line' id='line_1_11' title="bbox 278 1207 928 1278; baseline -0.002 -11"><span class='ocrx_word' id='word_1_68' title='bbox 278 1210 398 1268; x_wconf 87' lang='lat' dir='ltr'>Candor</span> <span class='ocrx_word' id='word_1_69' title='bbox 414 1209 451 1270; x_wconf 90' lang='lat' dir='ltr'>ab</span> <span class='ocrx_word' id='word_1_70' title='bbox 465 1209 589 1268; x_wconf 90' lang='lat' dir='ltr'>insolita</span> <span class='ocrx_word' id='word_1_71' title='bbox 603 1207 671 1266; x_wconf 88' lang='lat' dir='ltr'>labe</span> <span class='ocrx_word' id='word_1_72' title='bbox 686 1208 839 1266; x_wconf 87' lang='lat' dir='ltr'>notandus</span> <span class='ocrx_word' id='word_1_73' title='bbox 856 1215 928 1278; x_wconf 79' lang='lat' dir='ltr'>erat</span> 
     </span>
     <span class='ocr_line' id='line_1_12' title="bbox 234 1290 1019 1366; baseline -0.003 -15"><span class='ocrx_word' id='word_1_74' title='bbox 234 1295 275 1352; x_wconf 82' lang='lat' dir='ltr'>nt</span> <span class='ocrx_word' id='word_1_75' title='bbox 288 1293 367 1351; x_wconf 90' lang='lat' dir='ltr'>bene</span> <span class='ocrx_word' id='word_1_76' title='bbox 383 1295 547 1366; x_wconf 88' lang='lat' dir='ltr'>successit,</span> <span class='ocrx_word' id='word_1_77' title='bbox 571 1292 663 1364; x_wconf 80' lang='lat' dir='ltr'>digno</span> <span class='ocrx_word' id='word_1_78' title='bbox 680 1291 761 1364; x_wconf 90' lang='lat' dir='ltr'>quod</span> <span class='ocrx_word' id='word_1_79' title='bbox 778 1291 933 1350; x_wconf 82' lang='lat' dir='ltr'>adurimur</span> <span class='ocrx_word' id='word_1_80' title='bbox 948 1290 1019 1364; x_wconf 79' lang='lat' dir='ltr'>igni.</span> 
     </span>
     <span class='ocr_line' id='line_1_13' title="bbox 277 1368 892 1448; baseline -0.003 -14"><span class='ocrx_word' id='word_1_81' title='bbox 277 1376 367 1436; x_wconf 89' lang='lat' dir='ltr'>Peius</span> <span class='ocrx_word' id='word_1_82' title='bbox 383 1368 531 1435; x_wconf 85' lang='lat' dir='ltr'>adulterio</span> <span class='ocrx_word' id='word_1_83' title='bbox 547 1376 643 1448; x_wconf 89' lang='lat' dir='ltr'>turpis</span> <span class='ocrx_word' id='word_1_84' title='bbox 661 1375 779 1434; x_wconf 90' lang='lat' dir='ltr'>adulter</span> <span class='ocrx_word' id='word_1_85' title='bbox 794 1375 892 1434; x_wconf 90' lang='lat' dir='ltr'>obest.</span> 
     </span>
     <span class='ocr_line' id='line_1_14' title="bbox 146 1458 996 1533; baseline -0.007 -11"><span class='ocrx_word' id='word_1_86' title='bbox 146 1473 148 1478; x_wconf 84' lang='lat'>&#39;</span> <span class='ocrx_word' id='word_1_87' title='bbox 189 1469 227 1522; x_wconf 82' lang='grc'>35</span> <span class='ocrx_word' id='word_1_88' title='bbox 239 1458 271 1518; x_wconf 82' lang='lat' dir='ltr'>st</span> <span class='ocrx_word' id='word_1_89' title='bbox 287 1460 358 1518; x_wconf 91' lang='lat' dir='ltr'>mihi</span> <span class='ocrx_word' id='word_1_90' title='bbox 374 1459 523 1518; x_wconf 91' lang='lat' dir='ltr'>concedat</span> <span class='ocrx_word' id='word_1_91' title='bbox 536 1459 611 1517; x_wconf 90' lang='lat' dir='ltr'>luno</span> <span class='ocrx_word' id='word_1_92' title='bbox 627 1459 812 1530; x_wconf 83' lang='lat' dir='ltr'>fratremque</span> <span class='ocrx_word' id='word_1_93' title='bbox 827 1459 996 1533; x_wconf 85' lang='lat' dir='ltr'>virumque,</span> 
     </span>
     <span class='ocr_line' id='line_1_15' title="bbox 277 1541 920 1620; baseline 0 -20"><span class='ocrx_word' id='word_1_94' title='bbox 277 1543 477 1620; x_wconf 78' lang='lat' dir='ltr'>Hippolytum</span> <span class='ocrx_word' id='word_1_95' title='bbox 491 1541 599 1601; x_wconf 90' lang='lat' dir='ltr'>videor</span> <span class='ocrx_word' id='word_1_96' title='bbox 614 1541 829 1614; x_wconf 72' lang='lat' dir='ltr'>praepositura</span> <span class='ocrx_word' id='word_1_97' title='bbox 843 1542 920 1601; x_wconf 90' lang='lat' dir='ltr'>Iovi.</span> 
     </span>
     <span class='ocr_line' id='line_1_16' title="bbox 235 1625 1084 1700; baseline -0.002 -16"><span class='ocrx_word' id='word_1_98' title='bbox 235 1628 296 1684; x_wconf 90' lang='lat' dir='ltr'>lam</span> <span class='ocrx_word' id='word_1_99' title='bbox 314 1642 457 1700; x_wconf 91' lang='lat' dir='ltr'>quoque..</span> <span class='ocrx_word' id='word_1_100' title='bbox 474 1625 528 1684; x_wconf 87' lang='lat' dir='ltr'>vix</span> <span class='ocrx_word' id='word_1_101' title='bbox 544 1625 675 1684; x_wconf 76' lang='lat' dir='ltr'>credes„</span> <span class='ocrx_word' id='word_1_102' title='bbox 693 1625 813 1698; x_wconf 80' lang='lat' dir='ltr'>ignotas</span> <span class='ocrx_word' id='word_1_103' title='bbox 829 1633 929 1685; x_wconf 91' lang='lat' dir='ltr'>mutor</span> <span class='ocrx_word' id='word_1_104' title='bbox 943 1626 974 1684; x_wconf 90' lang='lat' dir='ltr'>in</span> <span class='ocrx_word' id='word_1_105' title='bbox 988 1633 1084 1686; x_wconf 84' lang='lat' dir='ltr'>artes=</span> 
     </span>
     <span class='ocr_line' id='line_1_17' title="bbox 276 1709 1088 1783; baseline 0.001 -16"><span class='ocrx_word' id='word_1_106' title='bbox 276 1709 331 1769; x_wconf 85' lang='lat' dir='ltr'>Est</span> <span class='ocrx_word' id='word_1_107' title='bbox 348 1710 419 1768; x_wconf 91' lang='lat' dir='ltr'>mihi</span> <span class='ocrx_word' id='word_1_108' title='bbox 435 1725 491 1783; x_wconf 89' lang='lat' dir='ltr'>per</span> <span class='ocrx_word' id='word_1_109' title='bbox 505 1725 615 1768; x_wconf 89' lang='lat' dir='ltr'>saevas</span> <span class='ocrx_word' id='word_1_110' title='bbox 631 1709 761 1782; x_wconf 89' lang='lat' dir='ltr'>impetus</span> <span class='ocrx_word' id='word_1_111' title='bbox 776 1709 820 1767; x_wconf 92' lang='lat' dir='ltr'>ire</span> <span class='ocrx_word' id='word_1_112' title='bbox 835 1711 926 1767; x_wconf 86' lang='lat' dir='ltr'>ieras.</span> <span class='ocrx_word' id='word_1_113' title='bbox 1084 1764 1088 1768; x_wconf 84' lang='lat'>.</span> 
     </span>
     <span class='ocr_line' id='line_1_18' title="bbox 235 1792 1089 1873; baseline 0.001 -22"><span class='ocrx_word' id='word_1_114' title='bbox 235 1794 298 1851; x_wconf 89' lang='lat' dir='ltr'>lam</span> <span class='ocrx_word' id='word_1_115' title='bbox 312 1793 385 1850; x_wconf 93' lang='lat' dir='ltr'>mihi</span> <span class='ocrx_word' id='word_1_116' title='bbox 401 1793 497 1867; x_wconf 89' lang='lat' dir='ltr'>prima</span> <span class='ocrx_word' id='word_1_117' title='bbox 514 1793 573 1851; x_wconf 91' lang='lat' dir='ltr'>dea</span> <span class='ocrx_word' id='word_1_118' title='bbox 587 1799 635 1851; x_wconf 90' lang='lat' dir='ltr'>est</span> <span class='ocrx_word' id='word_1_119' title='bbox 649 1805 721 1850; x_wconf 90' lang='lat' dir='ltr'>arou</span> <span class='ocrx_word' id='word_1_120' title='bbox 736 1792 908 1866; x_wconf 84' lang='lat' dir='ltr'>praesignis</span> <span class='ocrx_word' id='word_1_121' title='bbox 923 1792 1057 1873; x_wconf 57' lang='lat' dir='ltr'>adunco„</span> <span class='ocrx_word' id='word_1_122' title='bbox 1087 1795 1089 1802; x_wconf 83' lang='grc'><em>’</em></span> 
     </span>
     <span class='ocr_line' id='line_1_19' title="bbox 189 1875 920 1949; baseline -0.008 -11"><span class='ocrx_word' id='word_1_123' title='bbox 189 1885 228 1938; x_wconf 82' lang='lat'>40</span> <span class='ocrx_word' id='word_1_124' title='bbox 279 1877 374 1936; x_wconf 88' lang='lat' dir='ltr'>Delia.</span> <span class='ocrx_word' id='word_1_125' title='bbox 397 1875 541 1935; x_wconf 90' lang='lat' dir='ltr'>iudicium</span> <span class='ocrx_word' id='word_1_126' title='bbox 556 1875 730 1948; x_wconf 87' lang='lat' dir='ltr'>subsequor</span> <span class='ocrx_word' id='word_1_127' title='bbox 743 1877 812 1949; x_wconf 89' lang='lat' dir='ltr'>ipsa</span> <span class='ocrx_word' id='word_1_128' title='bbox 825 1882 920 1935; x_wconf 90' lang='lat' dir='ltr'>tuum.</span> 
     </span>
     <span class='ocr_line' id='line_1_20' title="bbox 235 1953 1003 2032; baseline 0 -14"><span class='ocrx_word' id='word_1_129' title='bbox 235 1961 266 2018; x_wconf 94' lang='lat' dir='ltr'>ln</span> <span class='ocrx_word' id='word_1_130' title='bbox 282 1975 389 2018; x_wconf 90' lang='lat' dir='ltr'>nemus</span> <span class='ocrx_word' id='word_1_131' title='bbox 404 1961 449 2018; x_wconf 89' lang='lat' dir='ltr'>ire</span> <span class='ocrx_word' id='word_1_132' title='bbox 462 1953 548 2032; x_wconf 85' lang='lat' dir='ltr'>libet,</span> <span class='ocrx_word' id='word_1_133' title='bbox 573 1958 754 2032; x_wconf 84' lang='lat' dir='ltr'>pressisque</span> <span class='ocrx_word' id='word_1_134' title='bbox 769 1959 799 2017; x_wconf 96' lang='lat' dir='ltr'>in</span> <span class='ocrx_word' id='word_1_135' title='bbox 813 1959 888 2018; x_wconf 91' lang='lat' dir='ltr'>retia</span> <span class='ocrx_word' id='word_1_136' title='bbox 904 1961 1003 2018; x_wconf 86' lang='lat' dir='ltr'>cervis</span> 
     </span>
     <span class='ocr_line' id='line_1_21' title="bbox 275 2042 1026 2116; baseline 0.001 -13"><span class='ocrx_word' id='word_1_137' title='bbox 275 2043 395 2103; x_wconf 89' lang='lat' dir='ltr'>Hortari</span> <span class='ocrx_word' id='word_1_138' title='bbox 411 2042 519 2102; x_wconf 90' lang='lat' dir='ltr'>celeris</span> <span class='ocrx_word' id='word_1_139' title='bbox 536 2057 591 2116; x_wconf 90' lang='lat' dir='ltr'>per</span> <span class='ocrx_word' id='word_1_140' title='bbox 604 2043 675 2115; x_wconf 81' lang='lat' dir='ltr'>iuga</span> <span class='ocrx_word' id='word_1_141' title='bbox 689 2057 808 2100; x_wconf 89' lang='lat' dir='ltr'>summa</span> <span class='ocrx_word' id='word_1_142' title='bbox 822 2057 924 2116; x_wconf 90' lang='lat' dir='ltr'>canes,</span> <span class='ocrx_word' id='word_1_143' title='bbox 946 2108 954 2115; x_wconf 57' lang='lat'><strong><em>„</em></strong></span> <span class='ocrx_word' id='word_1_144' title='bbox 1024 2099 1026 2104; x_wconf 90' lang='lat'><em>.</em></span> 
     </span>
     <span class='ocr_line' id='line_1_22' title="bbox 234 2119 1041 2200; baseline 0.001 -15"><span class='ocrx_word' id='word_1_145' title='bbox 234 2129 295 2186; x_wconf 82' lang='lat' dir='ltr'>Aut</span> <span class='ocrx_word' id='word_1_146' title='bbox 310 2119 470 2186; x_wconf 84' lang='lat' dir='ltr'>tremulum</span> <span class='ocrx_word' id='word_1_147' title='bbox 485 2137 618 2184; x_wconf 86' lang='lat' dir='ltr'>excusso</span> <span class='ocrx_word' id='word_1_148' title='bbox 634 2125 900 2184; x_wconf 86' lang='lat' dir='ltr'>iaculumvibrare</span> <span class='ocrx_word' id='word_1_149' title='bbox 917 2129 1041 2200; x_wconf 89' lang='lat' dir='ltr'>lacerto,</span> 
     </span>
     <span class='ocr_line' id='line_1_23' title="bbox 275 2207 932 2284; baseline 0 -16"><span class='ocrx_word' id='word_1_150' title='bbox 275 2211 338 2268; x_wconf 81' lang='lat' dir='ltr'>Aut</span> <span class='ocrx_word' id='word_1_151' title='bbox 352 2210 382 2268; x_wconf 92' lang='lat' dir='ltr'>in</span> <span class='ocrx_word' id='word_1_152' title='bbox 397 2209 554 2284; x_wconf 78' lang='lat' dir='ltr'>graminea</span> <span class='ocrx_word' id='word_1_153' title='bbox 570 2224 685 2283; x_wconf 90' lang='lat' dir='ltr'>ponere</span> <span class='ocrx_word' id='word_1_154' title='bbox 701 2224 815 2284; x_wconf 90' lang='lat' dir='ltr'>corpus</span> <span class='ocrx_word' id='word_1_155' title='bbox 829 2207 932 2269; x_wconf 88' lang='lat' dir='ltr'>humo.</span> 
     </span>
     <span class='ocr_line' id='line_1_24' title="bbox 188 2291 1002 2368; baseline -0.002 -14"><span class='ocrx_word' id='word_1_156' title='bbox 188 2302 225 2354; x_wconf 82' lang='lat'>45</span> <span class='ocrx_word' id='word_1_157' title='bbox 238 2291 339 2368; x_wconf 89' lang='lat' dir='ltr'>Saepe</span> <span class='ocrx_word' id='word_1_158' title='bbox 356 2294 440 2353; x_wconf 88' lang='lat' dir='ltr'>iuvat</span> <span class='ocrx_word' id='word_1_159' title='bbox 452 2307 578 2351; x_wconf 89' lang='lat' dir='ltr'>versare</span> <span class='ocrx_word' id='word_1_160' title='bbox 593 2292 678 2350; x_wconf 90' lang='lat' dir='ltr'>leves</span> <span class='ocrx_word' id='word_1_161' title='bbox 694 2293 723 2351; x_wconf 92' lang='lat' dir='ltr'>in</span> <span class='ocrx_word' id='word_1_162' title='bbox 744 2295 869 2366; x_wconf 89' lang='lat' dir='ltr'>pulvere</span> <span class='ocrx_word' id='word_1_163' title='bbox 885 2309 1002 2366; x_wconf 77' lang='lat' dir='ltr'>curruS,</span> 
     </span>
     <span class='ocr_line' id='line_1_25' title="bbox 275 2375 891 2450; baseline -0.002 -15"><span class='ocrx_word' id='word_1_164' title='bbox 275 2378 479 2449; x_wconf 86' lang='lat' dir='ltr'>Torquentem</span> <span class='ocrx_word' id='word_1_165' title='bbox 494 2375 587 2435; x_wconf 89' lang='lat' dir='ltr'>irenis</span> <span class='ocrx_word' id='word_1_166' title='bbox 605 2391 659 2434; x_wconf 90' lang='lat' dir='ltr'>ora</span> <span class='ocrx_word' id='word_1_167' title='bbox 674 2375 792 2450; x_wconf 81' lang='lat' dir='ltr'>fugacis</span> <span class='ocrx_word' id='word_1_168' title='bbox 811 2378 891 2448; x_wconf 92' lang='lat' dir='ltr'>equi.</span> 
     </span>
     <span class='ocr_line' id='line_1_26' title="bbox 234 2459 995 2532; baseline 0.004 -15"><span class='ocrx_word' id='word_1_169' title='bbox 234 2459 321 2519; x_wconf 91' lang='lat' dir='ltr'>Nunc</span> <span class='ocrx_word' id='word_1_170' title='bbox 335 2461 432 2532; x_wconf 83' lang='lat' dir='ltr'>feror,</span> <span class='ocrx_word' id='word_1_171' title='bbox 455 2467 488 2518; x_wconf 90' lang='lat' dir='ltr'>ut</span> <span class='ocrx_word' id='word_1_172' title='bbox 502 2459 616 2518; x_wconf 88' lang='lat' dir='ltr'>Bacchi</span> <span class='ocrx_word' id='word_1_173' title='bbox 630 2459 715 2518; x_wconf 89' lang='lat' dir='ltr'>iuriis</span> <span class='ocrx_word' id='word_1_174' title='bbox 730 2459 884 2519; x_wconf 79' lang='lat' dir='ltr'>Eleleides</span> <span class='ocrx_word' id='word_1_175' title='bbox 900 2467 995 2532; x_wconf 89' lang='lat' dir='ltr'>actae,</span> 
     </span>
     <span class='ocr_line' id='line_1_27' title="bbox 277 2539 1002 2618; baseline 0.001 -15"><span class='ocrx_word' id='word_1_176' title='bbox 277 2541 423 2616; x_wconf 79' lang='lat' dir='ltr'>Quaeque</span> <span class='ocrx_word' id='word_1_177' title='bbox 438 2543 494 2601; x_wconf 86' lang='lat' dir='ltr'>sub</span> <span class='ocrx_word' id='word_1_178' title='bbox 509 2539 602 2602; x_wconf 92' lang='lat' dir='ltr'>ldaeo</span> <span class='ocrx_word' id='word_1_179' title='bbox 616 2549 762 2618; x_wconf 82' lang='lat' dir='ltr'>tympana</span> <span class='ocrx_word' id='word_1_180' title='bbox 777 2542 855 2602; x_wconf 92' lang='lat' dir='ltr'>colle</span> <span class='ocrx_word' id='word_1_181' title='bbox 868 2552 1002 2615; x_wconf 89' lang='lat' dir='ltr'>movent,</span> 
     </span>
     <span class='ocr_line' id='line_1_28' title="bbox 234 2625 1042 2702; baseline 0 -17"><span class='ocrx_word' id='word_1_182' title='bbox 234 2626 295 2685; x_wconf 91' lang='lat' dir='ltr'>Aut</span> <span class='ocrx_word' id='word_1_183' title='bbox 309 2641 387 2701; x_wconf 90' lang='lat' dir='ltr'>quas</span> <span class='ocrx_word' id='word_1_184' title='bbox 403 2626 560 2686; x_wconf 85' lang='lat' dir='ltr'>semideae</span> <span class='ocrx_word' id='word_1_185' title='bbox 576 2626 711 2702; x_wconf 85' lang='lat' dir='ltr'>dryades</span> <span class='ocrx_word' id='word_1_186' title='bbox 725 2625 884 2702; x_wconf 89' lang='lat' dir='ltr'>Faunique</span> <span class='ocrx_word' id='word_1_187' title='bbox 897 2627 1042 2688; x_wconf 88' lang='lat' dir='ltr'>bicornes</span> 
     </span>
     <span class='ocr_line' id='line_1_29' title="bbox 189 2706 834 2771; baseline -0.006 0"><span class='ocrx_word' id='word_1_188' title='bbox 189 2719 226 2771; x_wconf 86' lang='grc' dir='ltr'>5ο</span> <span class='ocrx_word' id='word_1_189' title='bbox 278 2709 405 2769; x_wconf 89' lang='lat' dir='ltr'>Numine</span> <span class='ocrx_word' id='word_1_190' title='bbox 420 2717 576 2770; x_wconf 89' lang='lat' dir='ltr'>contactas</span> <span class='ocrx_word' id='word_1_191' title='bbox 593 2706 750 2769; x_wconf 86' lang='lat' dir='ltr'>attonuere</span> <span class='ocrx_word' id='word_1_192' title='bbox 766 2726 834 2770; x_wconf 92' lang='lat' dir='ltr'>suo.</span> 
     </span>
     <span class='ocr_line' id='line_1_30' title="bbox 233 2793 1069 2869; baseline 0.005 -19"><span class='ocrx_word' id='word_1_193' title='bbox 233 2793 369 2867; x_wconf 88' lang='lat' dir='ltr'>Namque</span> <span class='ocrx_word' id='word_1_194' title='bbox 386 2793 457 2852; x_wconf 86' lang='lat' dir='ltr'>mini</span> <span class='ocrx_word' id='word_1_195' title='bbox 472 2793 622 2865; x_wconf 88' lang='lat' dir='ltr'>relerunt,</span> <span class='ocrx_word' id='word_1_196' title='bbox 638 2809 714 2868; x_wconf 83' lang='lat' dir='ltr'>cunr</span> <span class='ocrx_word' id='word_1_197' title='bbox 728 2809 763 2853; x_wconf 89' lang='lat' dir='ltr'>se</span> <span class='ocrx_word' id='word_1_198' title='bbox 778 2795 862 2852; x_wconf 88' lang='lat' dir='ltr'>luror</span> <span class='ocrx_word' id='word_1_199' title='bbox 874 2794 927 2853; x_wconf 92' lang='lat' dir='ltr'>ille</span> <span class='ocrx_word' id='word_1_200' title='bbox 944 2793 1069 2869; x_wconf 85' lang='lat' dir='ltr'>remisit,</span> 
     </span>
     <span class='ocr_line' id='line_1_31' title="bbox 278 2875 954 2937; baseline -0.001 -1"><span class='ocrx_word' id='word_1_201' title='bbox 278 2875 394 2936; x_wconf 87' lang='lat' dir='ltr'>Omnia.</span> <span class='ocrx_word' id='word_1_202' title='bbox 419 2893 467 2936; x_wconf 91' lang='lat' dir='ltr'>me</span> <span class='ocrx_word' id='word_1_203' title='bbox 483 2877 605 2936; x_wconf 86' lang='lat' dir='ltr'>tacitam</span> <span class='ocrx_word' id='word_1_204' title='bbox 624 2877 767 2936; x_wconf 92' lang='lat' dir='ltr'>conscius</span> <span class='ocrx_word' id='word_1_205' title='bbox 784 2879 845 2936; x_wconf 92' lang='lat' dir='ltr'>urit</span> <span class='ocrx_word' id='word_1_206' title='bbox 859 2893 954 2937; x_wconf 89' lang='lat' dir='ltr'>amor.</span> 
     </span>
     <span class='ocr_line' id='line_1_32' title="bbox 233 2956 1015 3036; baseline 0.008 -21"><span class='ocrx_word' id='word_1_207' title='bbox 233 2956 372 3018; x_wconf 87' lang='lat' dir='ltr'>Forsitan</span> <span class='ocrx_word' id='word_1_208' title='bbox 385 2959 467 3018; x_wconf 87' lang='lat' dir='ltr'>hunc</span> <span class='ocrx_word' id='word_1_209' title='bbox 481 2961 602 3034; x_wconf 82' lang='lat' dir='ltr'>generis</span> <span class='ocrx_word' id='word_1_210' title='bbox 616 2962 678 3020; x_wconf 92' lang='lat' dir='ltr'>lato</span> <span class='ocrx_word' id='word_1_211' title='bbox 689 2961 857 3021; x_wconf 86' lang='lat' dir='ltr'>reddamus</span> <span class='ocrx_word' id='word_1_212' title='bbox 871 2977 1015 3036; x_wconf 88' lang='lat' dir='ltr'>amorem,</span> 
     </span>
     <span class='ocr_line' id='line_1_33' title="bbox 276 3042 911 3120; baseline 0.003 -20"><span class='ocrx_word' id='word_1_213' title='bbox 276 3042 314 3101; x_wconf 87' lang='lat' dir='ltr'>Et</span> <span class='ocrx_word' id='word_1_214' title='bbox 326 3044 434 3102; x_wconf 91' lang='lat' dir='ltr'>Venus</span> <span class='ocrx_word' id='word_1_215' title='bbox 454 3059 493 3102; x_wconf 87' lang='lat' dir='ltr'>ex</span> <span class='ocrx_word' id='word_1_216' title='bbox 508 3051 572 3104; x_wconf 92' lang='lat' dir='ltr'>tota</span> <span class='ocrx_word' id='word_1_217' title='bbox 589 3052 679 3118; x_wconf 81' lang='lat' dir='ltr'>gente</span> <span class='ocrx_word' id='word_1_218' title='bbox 692 3043 804 3104; x_wconf 86' lang='lat' dir='ltr'>tributa</span> <span class='ocrx_word' id='word_1_219' title='bbox 820 3053 911 3120; x_wconf 89' lang='lat' dir='ltr'>petat.</span> 
     </span>
     <span class='ocr_line' id='line_1_34' title="bbox 189 3124 1091 3204; baseline 0.001 -18"><span class='ocrx_word' id='word_1_220' title='bbox 189 3133 225 3186; x_wconf 87' lang='grc'>55</span> <span class='ocrx_word' id='word_1_221' title='bbox 237 3124 350 3200; x_wconf 90' lang='lat' dir='ltr'>Iupiter</span> <span class='ocrx_word' id='word_1_222' title='bbox 363 3125 541 3201; x_wconf 85' lang='lat' dir='ltr'>Europen...</span> <span class='ocrx_word' id='word_1_223' title='bbox 558 3125 655 3202; x_wconf 91' lang='lat' dir='ltr'>prima</span> <span class='ocrx_word' id='word_1_224' title='bbox 665 3135 719 3186; x_wconf 89' lang='lat' dir='ltr'>cst</span> <span class='ocrx_word' id='word_1_225' title='bbox 733 3143 770 3187; x_wconf 90' lang='lat' dir='ltr'>ea</span> <span class='ocrx_word' id='word_1_226' title='bbox 785 3129 884 3203; x_wconf 80' lang='lat' dir='ltr'>gentis</span> <span class='ocrx_word' id='word_1_227' title='bbox 901 3129 1019 3204; x_wconf 82' lang='lat' dir='ltr'>origo...</span> <span class='ocrx_word' id='word_1_228' title='bbox 1088 3182 1091 3187; x_wconf 87' lang='lat'>.</span> 
     </span>
     <span class='ocr_line' id='line_1_35' title="bbox 276 3209 854 3282; baseline 0.002 -14"><span class='ocrx_word' id='word_1_229' title='bbox 276 3209 402 3282; x_wconf 89' lang='lat' dir='ltr'>Dilexit,</span> <span class='ocrx_word' id='word_1_230' title='bbox 425 3215 513 3270; x_wconf 89' lang='lat' dir='ltr'>tauro</span> <span class='ocrx_word' id='word_1_231' title='bbox 529 3211 740 3272; x_wconf 85' lang='lat' dir='ltr'>dissimulante</span> <span class='ocrx_word' id='word_1_232' title='bbox 754 3212 854 3272; x_wconf 89' lang='lat' dir='ltr'>deum.</span> 
     </span>
     <span class='ocr_line' id='line_1_36' title="bbox 233 3292 918 3369; baseline 0.007 -18"><span class='ocrx_word' id='word_1_233' title='bbox 233 3292 384 3366; x_wconf 73' lang='lat' dir='ltr'>Pasiphae</span> <span class='ocrx_word' id='word_1_234' title='bbox 401 3300 511 3366; x_wconf 89' lang='lat' dir='ltr'>mater,</span> <span class='ocrx_word' id='word_1_235' title='bbox 535 3295 665 3369; x_wconf 88' lang='lat' dir='ltr'>decepto</span> <span class='ocrx_word' id='word_1_236' title='bbox 681 3295 804 3356; x_wconf 87' lang='lat' dir='ltr'>subdita</span> <span class='ocrx_word' id='word_1_237' title='bbox 820 3305 918 3368; x_wconf 87' lang='lat' dir='ltr'>tauro,</span> 
     </span>
     <span class='ocr_line' id='line_1_37' title="bbox 274 3375 906 3455; baseline 0.013 -22"><span class='ocrx_word' id='word_1_238' title='bbox 274 3375 373 3434; x_wconf 85' lang='lat' dir='ltr'>Enixa</span> <span class='ocrx_word' id='word_1_239' title='bbox 388 3385 434 3436; x_wconf 89' lang='lat' dir='ltr'>cst</span> <span class='ocrx_word' id='word_1_240' title='bbox 448 3385 535 3437; x_wconf 89' lang='lat' dir='ltr'>utero</span> <span class='ocrx_word' id='word_1_241' title='bbox 552 3377 664 3438; x_wconf 84' lang='lat' dir='ltr'>crimen</span> <span class='ocrx_word' id='word_1_242' title='bbox 682 3395 824 3455; x_wconf 85' lang='lat' dir='ltr'>onusque</span> <span class='ocrx_word' id='word_1_243' title='bbox 839 3397 906 3442; x_wconf 87' lang='lat' dir='ltr'>suo.</span> 
     </span>
     <span class='ocr_line' id='line_1_38' title="bbox 233 3456 942 3538; baseline 0.008 -22"><span class='ocrx_word' id='word_1_244' title='bbox 233 3456 371 3518; x_wconf 83' lang='lat' dir='ltr'>Perfidus</span> <span class='ocrx_word' id='word_1_245' title='bbox 387 3461 540 3536; x_wconf 78' lang='lat' dir='ltr'>AegideS,</span> <span class='ocrx_word' id='word_1_246' title='bbox 561 3461 703 3521; x_wconf 88' lang='lat' dir='ltr'>ducentia</span> <span class='ocrx_word' id='word_1_247' title='bbox 716 3463 768 3522; x_wconf 87' lang='lat' dir='ltr'>illa</span> <span class='ocrx_word' id='word_1_248' title='bbox 783 3471 942 3538; x_wconf 88' lang='lat' dir='ltr'>sequutus,</span> 
     </span>
     <span class='ocr_line' id='line_1_39' title="bbox 168 3541 883 3621; baseline 0.006 -19"><span class='ocrx_word' id='word_1_249' title='bbox 168 3551 169 3558; x_wconf 74' lang='grc'>’</span> <span class='ocrx_word' id='word_1_250' title='bbox 189 3549 227 3602; x_wconf 81' lang='lat' dir='ltr'>do</span> <span class='ocrx_word' id='word_1_251' title='bbox 280 3541 380 3602; x_wconf 82' lang='lat' dir='ltr'>curva·</span> <span class='ocrx_word' id='word_1_252' title='bbox 391 3544 571 3617; x_wconf 79' lang='lat' dir='ltr'>meae-lugu</span> <span class='ocrx_word' id='word_1_253' title='bbox 584 3552 664 3604; x_wconf 86' lang='lat' dir='ltr'>tecta</span> <span class='ocrx_word' id='word_1_254' title='bbox 675 3547 795 3606; x_wconf 92' lang='lat' dir='ltr'>sororis</span> <span class='ocrx_word' id='word_1_255' title='bbox 814 3562 883 3621; x_wconf 92' lang='lat' dir='ltr'>ope.</span> 
     </span>
    </p>
   </div>
   <div class='ocr_carea' id='block_1_3' title="bbox 0 0 1250 4006">
    <p class='ocr_par' dir='ltr' id='par_1_3' title="bbox 0 0 1250 4006">
     <span class='ocr_line' id='line_1_40' title="bbox 0 0 1250 4006; baseline 0 0"><span class='ocrx_word' id='word_1_256' title='bbox 0 0 1250 4006; x_wconf 95' lang='lat' dir='ltr'> </span> 
     </span>
    </p>
   </div>
  </div>
 </body>
</html>
