2498 4008
454 262 482 335 I,
504 257 703 324 ala-450.
1026 261 1089 325 179

122 438 132 462 ι
151 415 197 476 Tu
211 417 280 476 licet
293 413 422 489 incipias
439 429 500 488 qua
515 411 626 472 flebilis
641 412 721 470 Allia
735 415 803 474 luce

194 498 380 558 Vulneribus
392 497 485 556 Latiis
500 496 734 569 sanguinolenta
748 496 810 568 luit,

87 590 140 642 415
152 580 277 655 unaque
293 581 342 639 die
356 579 499 652 redeunt,
521 579 613 638 rebus
629 579 728 637 minus
744 585 814 652 apta
829 579 980 654 gerendis,

135 715 146 738 4
196 664 280 723 culta
294 662 465 723 Palaestino
482 662 612 736 septima
626 662 704 720 lesta
719 661 809 738 Syro.

152 746 264 821 Magna
280 746 455 819 superstitio
471 745 524 805 tibi
540 745 580 804 sit
594 745 702 806 natalis
719 745 849 804 amicae:
1065 791 1070 806 .

152 841 153 844 ’
196 830 323 904 Quaque
339 829 455 905 aliquid
473 829 606 888 dandum
622 831 682 901 esl,
704 829 755 886 illa
770 829 808 886 sit
823 834 887 886 atra
902 827 979 892 dies

153 913 227 973 Cum
241 912 320 973 bene
334 912 453 985 vitaris,
475 919 576 971 tamen
590 911 714 972 aulerci.
737 911 851 970 invenit
865 918 959 971 artem

86 1003 141 1058 420
193 995 330 1067 Femina,
355 1011 416 1070 qua
433 996 536 1070 cupidi
551 1002 656 1070 carpat
670 997 797 1052 amantis
814 1009 900 1068 opes.

152 1079 276 1139 Institor
291 1078 331 1137 ad
346 1078 499 1138 dominam
513 1079 614 1136 veniet
628 1077 794 1136 discinctus
810 1091 953 1150 emacem,
1068 1101 1071 1116 2

194 1161 345 1236 Expediet
360 1176 477 1219 merces
492 1168 582 1232 leque
599 1160 725 1217 sedente
741 1175 830 1218 suas:

153 1243 233 1316 Ques
251 1245 315 1315 illa,
338 1243 498 1318 inspiciaS,
519 1257 629 1316 sapere
645 1249 676 1299 ut
693 1241 831 1314 videare,
852 1239 986 1314 rogabit:

197 1326 309 1387 Oscula
324 1326 436 1386 deinde
451 1326 542 1385 dabit.
565 1324 676 1383 deinde
691 1319 822 1398 rogabit,
846 1338 941 1382 emas.

87 1417 141 1470 425
152 1409 219 1470 Hoc
234 1411 299 1470 lore
314 1415 485 1474 contentam
500 1409 611 1467 multos
626 1407 736 1466 iurabit
750 1408 780 1465 in
794 1423 901 1479 annos,

193 1493 280 1553 Nunc
295 1509 374 1568 opus
390 1508 461 1552 esse
476 1492 549 1565 sibi,
572 1506 653 1551 nunc
666 1490 746 1550 bene
760 1489 840 1550 dicet
854 1490 922 1552 erni.

153 1575 260 1635 Sinon
277 1592 348 1635 esse
363 1577 458 1646 domi,
483 1591 562 1649 quos
578 1575 650 1645 des,
670 1574 837 1634 causabere
851 1587 999 1646 nummos,

193 1657 304 1718 Littera
319 1666 494 1732 poscetur...
511 1671 549 1715 ne
564 1657 709 1716 didicisse
723 1658 814 1716 iuvet.

153 1741 244 1815 Quid,
265 1741 354 1814 quasi
369 1739 460 1818 natali
476 1755 544 1798 cum
558 1740 659 1813 poscit
674 1753 797 1798 munera
812 1739 884 1812 libo,

68 1835 70 1839 ’
86 1831 141 1886 130
192 1824 229 1882 Et
244 1825 385 1900 quotiens
403 1839 482 1897 opus
498 1829 558 1895 est,
581 1822 716 1891 nascitur
729 1823 780 1880 illa
795 1821 874 1882 sibit

153 1907 244 1982 Quid,
266 1922 333 1966 curn
348 1906 487 1966 mendaci
502 1905 613 1965 damno
627 1904 829 1964 maestissima
844 1904 952 1980 plorat,

46 2060 48 2064 ¹
192 1991 389 2065 Elapsusque
404 2005 479 2050 cava
493 1989 615 2063 fingitur
630 2002 703 2047 aure
717 1987 818 2061 lapis?

150 2074 245 2133 Multa
258 2080 367 2148 rogant
380 2072 493 2134 utenda
508 2071 589 2144 dari,
611 2071 681 2130 data
693 2071 822 2131 reddere
838 2069 957 2132 nolunt:

135 2213 137 2216 .
193 2156 315 2226 Perdis,
339 2164 369 2216 et
383 2155 412 2214 in
429 2156 541 2214 damno
555 2153 652 2229 gratia
668 2154 749 2213 nulla
763 2160 824 2213 tuo.

85 2248 138 2300 435
149 2241 217 2301 Non
233 2239 318 2310 mihi,
343 2239 508 2312 sacrilegas
523 2238 714 2297 meretricum
726 2244 759 2295 ul
771 2251 943 2311 persequar
956 2243 1045 2311 artes,

194 2323 266 2383 Cum
281 2323 404 2382 totidem
421 2321 531 2394 linguis
547 2321 608 2381 sint
622 2321 696 2380 satis
713 2335 766 2378 ora
781 2320 897 2380 decem.

151 2408 227 2466 Cera
242 2405 354 2465 vadum
369 2411 506 2479 temptet,
528 2403 608 2464 rasis
623 2404 724 2462 inlusa
738 2401 873 2462 tabellis:

193 2489 269 2548 Cera
283 2494 354 2548 tuae
368 2488 499 2562 primum
513 2487 618 2546 nuntia
632 2487 740 2568 mentis
756 2491 813 2544 eat.

148 2571 317 2633 Blanditias
333 2572 408 2630 serat
421 2571 472 2630 illa
485 2577 553 2630 tuas
568 2571 742 2643 imitataque
756 2574 908 2628 amantum

85 2662 137 2715 eto
189 2655 303 2714 Verba.
326 2669 382 2713 nec
397 2654 540 2728 exiguas,
564 2653 703 2728 quisquis
718 2666 768 2722 es,
792 2651 872 2710 adde
888 2665 1006 2725 preces.

148 2740 280 2798 Hectora
295 2738 420 2798 donavit
433 2737 549 2800 Priamo
564 2752 656 2810 prece
671 2742 769 2794 motus
783 2733 929 2794 Achilles.

189 2821 332 2880 Flectitur
348 2821 442 2880 iratus
456 2837 534 2880 voce
548 2827 675 2893 rogante
691 2819 777 2877 deus,

148 2903 307 2965 Promittas
323 2903 423 2963 facito.
447 2902 520 2978 quid
536 2904 614 2962 enim
629 2902 804 2976 promittere
818 2900 931 2961 laedit‘l
1028 2918 1032 2924 ·

189 2986 332 3048 Pollicitis
348 2987 437 3046 dives
454 2987 578 3061 quilibet
593 3001 663 3048 esse
680 2992 789 3060 potest.

82 3079 133 3132 445
146 3069 224 3147 Spes
240 3078 321 3130 tenet
335 3070 365 3128 in
380 3077 516 3144 tempuS,
538 3071 631 3129 senrel
646 3075 693 3128 est
709 3068 735 3128 si
750 3068 878 3140 credita,
900 3066 1037 3142 longum:

189 3155 244 3214 Illa
259 3153 382 3229 quidem
399 3154 506 3224 fallax,
528 3153 584 3212 sed
598 3160 698 3212 tamen
712 3159 783 3225 apta
799 3152 857 3212 deu
871 3158 927 3210 est.

147 3237 180 3296 Si
196 3238 318 3297 dederis
333 3236 463 3312 aliquid,
482 3236 597 3309 poteris
614 3235 732 3294 ratione
746 3235 893 3307 relinquis

189 3321 383 3382 Praeteritum
398 3320 512 3394 tulerit,
534 3318 760 3394 perdideritque
775 3316 858 3375 nihil.

144 3409 185 3466 At
201 3405 285 3480 quod
302 3421 364 3465 non
380 3402 517 3473 dederis,
541 3416 663 3476 semper
677 3400 801 3458 videare
817 3398 953 3459 daturus.

81 3498 134 3551 450
189 3488 239 3548 Sic
255 3487 408 3548 dominum
424 3485 534 3547 sterilis
550 3499 645 3559 saepe
661 3483 765 3542 lelellit
779 3497 866 3556 eger:

861 3565 916 3626 Η*
1019 3597 1022 3600 .
1033 3599 1036 3603 ⁴
