2472 4010
1106 248 1136 288 XI

100 377 175 435 cerit
196 375 312 434 Ovidius
329 377 408 449 ipsa,
427 379 490 449 qul,
506 378 597 453 siquid
614 377 698 440 codd.
716 380 910 449 tribuendum,
930 379 1031 438 eodem
1050 397 1136 438 versu

100 461 209 518 latinas
228 467 255 516 et
270 477 390 532 graecas
403 462 546 518 nominum
558 464 661 518 formes
674 479 761 536 saepe
774 465 924 520 coniunxit.
948 461 1037 520 Simul
1053 463 1137 534 igitur

103 547 142 601 ab
160 544 263 602 Ovidio
281 543 474 601 ebludIcantur
492 545 611 618 epistola
626 545 708 617 XVI,
726 548 771 604 cui
791 549 878 603 altera
894 546 983 602 XVIII
1000 545 1134 611 doctrina,

104 635 185 697 arte,
200 629 356 684 elocutione
374 629 513 684 simillima
528 637 584 699 est,
600 629 682 686 simul
698 647 716 685 a
732 630 828 686 Macro
846 631 909 699 illo,
924 632 971 701 qui
982 629 1045 686 Aru.
1057 629 1136 698 1118,

104 717 142 772 37
160 718 325 767 tantumnon
344 701 648 784 scripsisse‘tlelenam
668 718 695 768 et
708 714 890 770 Laodamiam
910 713 1018 770 dicitur.
1050 712 1136 782 Atqui

107 795 205 854 Ovidii
219 797 344 867 prolecto
360 811 416 851 non
435 801 511 851 sunt:
531 796 567 853 de
581 799 668 853 altero
682 813 728 852 res
740 813 810 853 sane
821 799 936 854 incerta.
958 795 1033 852 Nihil
1043 800 1137 867 potest

108 879 269 947 adfirmari,
288 880 340 934 nisi
358 885 385 934 et
401 883 547 951 utramque
561 881 637 936 illam
653 887 681 936 el
698 882 844 952 epistotam
854 880 916 936 XIII
927 879 1042 952 egregie
1058 894 1134 934 oom-

11 987 13 1000 =
106 963 235 1033 positas,
253 964 369 1034 scrIptas
389 964 539 1034 purissIme
559 970 586 1018 et
605 965 639 1018 ab
658 963 759 1019 eodem
778 969 863 1035 poeta
883 963 984 1020 videri·
1011 962 1075 1018 Non
1093 967 1136 1018 est

107 1043 193 1099 huius
206 1046 260 1100 loci
276 1045 348 1101 haec
360 1046 529 1105 edisserere.
552 1045 626 1102 Satis
643 1052 692 1111 est,
711 1047 736 1101 si
753 1047 887 1102 excusavi
898 1045 974 1116 quod
986 1047 1020 1100 ab
1031 1046 1136 1116 abquot

11 1147 12 1150 ¹
107 1129 163 1183 viri
175 1127 345 1185 admirabilis
357 1120 596 1188 emendationibus
608 1128 811 1185 discessionem
821 1129 884 1184 leci.

194 1213 287 1280 Larga
305 1213 465 1284 disputandi
481 1213 612 1268 materles
630 1217 729 1284 parata
746 1213 826 1268 estin
839 1209 1041 1282 orthographia
1051 1209 1135 1268 huius

11 1359 12 1362 Ἴ
106 1301 212 1366 poetae
230 1296 268 1350 ad
286 1312 353 1350 suas
371 1297 455 1367 leges
467 1296 639 1353 revocanda.
661 1295 707 1352 Ad
720 1311 782 1352 eam
794 1295 988 1366 quaestionem
998 1310 1061 1350 cum
1072 1294 1135 1350 libri

108 1379 196 1436 multa
216 1381 375 1446 conterant,
394 1393 511 1448 quorum
527 1381 607 1434 letius
624 1384 719 1451 pateat
736 1381 821 1447 usus}
840 1393 895 1448 quo
916 1394 951 1432 ea
967 1378 1069 1434 rectius
1086 1394 1135 1432 co·

108 1469 298 1531 gnosoantnr,
314 1462 521 1522 subsistendum
533 1462 629 1533 putavi
641 1463 711 1517 intra
724 1464 818 1534 paulo,
831 1478 914 1532 quem
927 1460 1044 1533 procedi
1054 1467 1134 1532 pote·
1150 1485 1154 1492 ·

109 1549 163 1598 rat.
186 1543 257 1598 Nam
269 1543 400 1614 quioquid
412 1561 429 1600 a
441 1546 551 1614 vulgari
564 1551 591 1600 et
600 1551 734 1601 consueto
746 1545 807 1602 aliis
818 1562 873 1600 usu
885 1542 915 1600 in
926 1544 980 1600 hoc
992 1544 1135 1600 volumine

108 1625 245 1694 discedit,
263 1627 291 1680 id
308 1633 394 1681 totum
409 1645 424 1682 e
437 1626 521 1683 codd.
534 1627 580 1682 PR
592 1627 787 1700 depromptum
800 1630 859 1684 erit.
879 1628 948 1685 nihil
959 1627 1071 1684 aliunde
1083 1628 1135 1684 ad-

109 1711 211 1764 iectum
223 1714 420 1780 praeterquam
433 1726 469 1765 ex
480 1709 503 1765 G
515 1712 568 1766 tria
586 1718 633 1766 aut
650 1717 793 1783 quattuor,
813 1727 886 1782 quse
905 1727 970 1766 mox
987 1728 1035 1782 pp.
1052 1727 1090 1764 mr
1107 1717 1135 1766 et

62 1857 65 1862 Ι
108 1808 156 1846 xur
176 1791 255 1864 leges
273 1797 300 1846 et
318 1793 380 1848 VIII
399 1797 433 1852 ⁷9
453 1799 518 1850 tum.
548 1793 647 1866 Neque
669 1812 739 1852 vero
764 1812 838 1866 quae
858 1811 894 1851 ex
917 1795 999 1850 codd.
1017 1793 1062 1850 SG
1077 1800 1135 1865 petr

67 1883 77 1890 '
109 1881 237 1946 poterant
256 1878 323 1931 tanti
339 1883 432 1946 erant,
446 1878 547 1947 quibus
565 1885 612 1933 aut
631 1885 798 1950 conspectus
816 1880 861 1934 ille
880 1879 1025 1934 facillimus
1044 1883 1071 1932 et
1083 1884 1133 1933 utr-

110 1960 230 2014 lissimus
251 1961 410 2016 turbaretur
427 1968 455 2016 et
472 1961 669 2032 ImpedIretur‚
694 1968 740 2017 aut
762 1963 907 2032 inquibus
929 1962 1046 2032 singulis
1066 1977 1136 2015 eno·

56 2052 59 2054 ·
109 2043 199 2096 tondis
221 2042 338 2098 ridIcula
356 2043 488 2100 hocloco
506 2061 593 2116 opera
609 2052 770 2117 poneretur.
801 2046 833 2099 In
850 2044 1050 2116 orthographia
1070 2045 1134 2114 plus

110 2141 192 2195 quarn
210 2128 404 2198 expectaveris
421 2124 532 2187 iudea
540 2145 614 2184 saec.
626 2128 652 2182 X
663 2133 783 2182 exeunte
793 2127 897 2183 librarii
908 2127 959 2182 sibi
970 2127 1136 2198 permisisse

109 2209 247 2264 videntur.
280 2209 378 2266 Codex
396 2209 432 2280 S,
456 2211 502 2281 qui
519 2212 603 2282 longe
620 2227 703 2281 quam
721 2211 744 2265 G
759 2212 894 2266 vetustior
915 2217 958 2265 est
977 2215 1003 2264 et
1020 2211 1048 2265 in
1065 2211 1134 2281 Ipsis
1166 2280 1168 2283 7

109 2293 250 2362 scripturis
260 2295 345 2365 plane
357 2295 487 2366 gemmus
498 2295 528 2364 P,
540 2295 697 2350 barbariem
708 2295 810 2364 ubique
824 2294 903 2364 quasi
914 2295 1047 2349 librorum
1059 2309 1134 2348 saec.

107 2374 183 2430 Xllll
200 2377 328 2432 ostendit.
351 2378 446 2433 scribit
463 2393 525 2433 cum
544 2379 565 2432 P
582 2378 820 2435 obtabasnubsisti:
836 2378 912 2448 quod
927 2395 962 2432 ex
979 2376 1132 2448 archetypo

72 2529 77 2536 .
110 2475 242 2514 servasse
257 2461 386 2517 videatur
404 2478 421 2516 a
436 2461 456 2516 P
475 2459 648 2533 neglectum,
671 2461 740 2518 nihil
759 2461 845 2518 video
863 2461 1133 2532 praeterieramus,

109 2544 244 2612 linquere,
260 2545 386 2615 quicquid
399 2553 426 2602 et
439 2545 578 2615 quaedam
595 2543 763 2616 composita,
775 2545 950 2616 conpedibus,
966 2544 1079 2615 inpedit,
1091 2545 1133 2598 ia-

102 2639 193 2696 punm
211 2626 265 2681 alla
276 2627 304 2680 id
317 2643 415 2698 genus.
440 2627 510 2684 Cod.
525 2629 547 2683 G
559 2629 691 2684 convenit
706 2629 735 2682 ln
749 2628 911 2682 melioribus
924 2629 1015 2680 multis
1028 2643 1089 2682 cum
1102 2627 1133 2694 P,
1174 2687 1178 2694 ⁸

110 2723 180 2778 quae
195 2709 267 2764 inira
279 2709 499 2780 adnotabuntur,
516 2713 636 2767 barbara
653 2711 738 2766 habet
754 2716 867 2782 praeter
883 2709 968 2765 nichil
982 2708 1065 2764 michi
1077 2711 1134 2762 tin·

103 2808 177 2862 poro
191 2793 281 2863 nulla,
297 2795 363 2864 quin
380 2795 408 2849 in
425 2793 473 2850 PR
491 2796 573 2850 etiam
591 2800 751 2861 occurrant3
766 2791 844 2864 po'nit
860 2799 953 2846 tamen
968 2793 1133 2862 plerumque

108 2875 151 2930 Ab
168 2880 214 2930 aut
223 2876 284 2942 Ha,
301 2877 421 2951 Iuptter,
440 2879 544 2949 retulit,
562 2879 657 2948 litera,
674 2879 776 2942 liltore,
796 2877 847 2944 dil,
861 2876 1010 2948 protector,
1030 2878 1132 2932 sumus.

11 2977 15 2988 ⁸
110 2962 286 3014 consantserii
301 2961 414 3031 similia,
429 2967 573 3034 tempotum,
591 2978 721 3034 unquam
747 2961 903 3030 anitquiora
922 2975 957 3014 ex
977 2957 1131 3030 archetypo

111 3043 213 3110 possint
226 3049 291 3098 esse
302 3043 446 3117 plantatas,
461 3045 568 3118 pbrrtpi
580 3063 609 3118 p.
626 3045 684 3102 hui.
703 3043 757 3101 vol.
774 3047 825 3113 84,
842 3045 892 3111 87,
908 3043 1051 3114 dispargo,
1069 3042 1131 3098 aub-

111 3123 235 3191 cntmm,
257 3129 419 3198 commisse,
436 3130 555 3200 subpleco
571 3129 680 3199 aliaque
698 3145 811 3200 compp.
829 3126 998 3182 certisloels
1016 3125 1132 3196 puriora

111 3221 190 3276 quam
201 3208 228 3264 ln
238 3211 267 3266 P.
289 3211 344 3266 Pro
357 3219 440 3268 natus
450 3213 554 3283 ubique
570 3211 664 3268 sc‘ribit
673 3219 786 3284 paetus.
803 3209 881 3281 quod
894 3215 936 3264 est
953 3209 1000 3264 ubl
1014 3225 1049 3264 ne
1062 3224 1124 3277 qua·

109 3291 168 3345 drat
191 3292 317 3363 quidem,
341 3295 392 3350 XII
410 3300 461 3357 187
467 3295 510 3350 :P
532 3312 694 3366 numquam.
732 3294 958 3365 Praepositiones
977 3307 1040 3346 cum
1058 3291 1130 3346 casi-

107 3375 155 3429 bus
176 3377 233 3430 suis
252 3379 311 3433 lere
327 3380 443 3449 uquue,
460 3379 536 3450 quod
553 3379 589 3434 de
607 3380 671 3434 cod.
682 3380 779 3434 Petav.
791 3382 915 3431 notatum
925 3375 1013 3444 prael.
1025 3374 1083 3430 vol.
1096 3374 1132 3429 III

107 3473 132 3528 p.
143 3475 193 3515 vu:
215 3459 282 3515 nihil
301 3459 462 3518 huiusmodi
480 3465 659 3519 observatum
678 3462 706 3517 in
722 3459 784 3528 PR,
805 3459 858 3514 nisi
875 3456 951 3535 quod
966 3459 1003 3512 tm
1021 3471 1075 3524 me,
1093 3459 1130 3518 im
