2488 4006
286 243 365 302 XVI.
389 242 507 321 [XVII]
531 242 746 300 HELENAE
767 242 838 304 4-
854 242 902 304 79.
1048 243 1109 310 135
1128 199 1131 208 Ι

218 395 289 468 Quis
305 393 446 469 prohibet
458 395 535 454 raris
550 409 659 456 nornen
676 395 778 452 inesse
794 402 914 452 mersuri

174 481 248 539 Nam
263 493 332 537 mea
347 477 431 551 quod
445 477 514 536 visa
527 485 575 536 est
588 477 642 536 tibi
657 483 752 536 mater
766 477 894 551 idonea,
917 481 1004 540 cuius
1023 493 1030 516 *

154 617 156 620 .
216 561 365 634 Exemplo
380 559 463 620 flecti
478 575 525 618 me
541 576 665 635 quoque
679 575 775 636 posse
790 569 888 634 putes,
939 587 940 590 ¹
965 587 972 604 ’-

131 656 166 709 45
176 645 281 710 Matris
296 645 326 703 in
342 644 478 702 admisso
495 644 572 703 salsa
588 645 645 704 sub
658 644 790 716 imagine
807 645 893 704 lusae

124 772 133 779 .
215 729 308 788 Error
322 728 410 787 inest.
433 728 535 801 pluma
550 734 648 788 tectus
664 729 783 786 adulter
797 735 870 788 erat.

172 812 219 870 Nil
235 827 308 885 ego,
330 811 357 870 si
374 825 516 884 peccem,
540 827 667 885 possum
682 810 831 870 nescisse.
853 827 911 870 nec
926 813 1004 872 ultus

128 891 133 900 '
214 895 322 966 Error,
347 893 399 968 qui
414 893 484 953 facti
498 895 612 954 crimen
630 893 803 964 obumbret,
827 895 891 954 erit.

173 979 226 1038 Illa
243 979 321 1037 benc
337 977 461 1048 erravit,
486 979 652 1052 vitiumque
667 985 791 1036 auctore
806 979 942 1038 redemit.

130 1073 167 1124 50
218 1061 304 1120 Felix
319 1060 454 1142 inculpa
470 1076 531 1133 quo
547 1060 621 1119 Iove
637 1061 722 1119 dicar
738 1067 819 1133 eget

172 1145 209 1202 Et
223 1158 320 1217 genus
336 1147 366 1200 et
381 1157 515 1215 proavos
530 1151 561 1201 et
574 1144 660 1215 regia
673 1142 795 1201 nomina
810 1141 914 1203 iactas.

216 1226 303 1284 Clara
319 1224 393 1284 satis
409 1224 518 1288 domus
534 1225 611 1284 hacc
626 1225 781 1284 nobilitate
796 1241 853 1284 sua
868 1234 924 1285 est.

173 1309 309 1386 luppiter
322 1313 356 1367 ut
369 1307 469 1367 soceri
485 1323 620 1382 proavus
635 1315 771 1368 taceatur
786 1314 817 1366 et
829 1324 919 1367 omne

214 1391 392 1456 Tantalidae
407 1390 529 1466 Pelopis
544 1389 760 1466 Tyndareique
775 1391 880 1463 decus,

130 1486 167 1538 5⁵
177 1477 235 1536 Dat
250 1474 320 1534 mihi
335 1474 420 1533 Leda
434 1474 538 1533 lovem
554 1481 655 1550 cygno
671 1475 800 1548 decepta
817 1481 981 1550 parentem,

216 1558 299 1632 Quae
313 1559 421 1616 iaisam
435 1558 551 1630 gremio
568 1559 692 1617 credula
711 1560 785 1618 fovit
799 1574 897 1618 avem.

172 1643 185 1700 1
202 1657 297 1713 nunc,
319 1648 348 1699 et
360 1639 512 1716 Phrygiae
527 1643 586 1700 late
603 1642 768 1714 primordia
783 1643 890 1715 gentis,

216 1722 350 1797 Cumque
366 1737 422 1782 suo
437 1723 587 1782 Priamum
604 1725 812 1784 Laumedonte
827 1726 917 1784 refer.

173 1807 256 1881 Quos
271 1821 329 1881 ego
347 1806 494 1880 suspicio.
518 1808 574 1866 sed
589 1809 641 1881 qui
656 1807 709 1866 tibi
725 1809 823 1880 gloria
836 1825 946 1882 magna
960 1819 1009 1871 est

129 1900 166 1954 60
219 1889 361 1963 QuintuS,
382 1890 408 1948 is
424 1905 442 1948 a
458 1897 562 1950 nostro
578 1891 710 1950 nomine·
717 1892 831 1964 primus
848 1894 912 1952 erit.

174 1971 302 2048 Sceptra
316 1980 386 2032 tuae
402 1974 542 2047 quamvis
558 1990 627 2034 rear
640 1989 712 2033 esse
729 1975 863 2048 potentia
876 1983 984 2050 terrae,

214 2056 280 2114 Non
296 2063 395 2115 umen
411 2057 488 2116 haec
506 2056 565 2116 iilis
580 2072 652 2116 esse
666 2059 784 2117 minora
799 2066 881 2131 puto.
1001 2055 1004 2060 '

175 2139 206 2199 Si
224 2141 281 2198 iarn
298 2139 410 2198 divitiis
426 2141 512 2200 locus
527 2141 576 2200 hic
591 2157 779 2215 numeroque
794 2142 928 2202 virorum

139 2267 146 2287 ,
214 2222 365 2291 Vincitur,
389 2229 419 2280 at
435 2231 517 2282 certe
530 2223 661 2282 barbara
674 2232 754 2283 terre
768 2232 819 2282 tua
835 2234 891 2284 est.
981 2251 985 2260 ·

128 2317 164 2368 65
176 2306 302 2365 Munera
316 2312 397 2364 tenta
413 2307 535 2379 quidem
554 2308 698 2379 promittit
713 2295 844 2380 epistbta
859 2309 956 2382 dives,

215 2389 255 2447 Ut
268 2389 390 2462 possint
405 2389 489 2464 ipsas
504 2390 555 2448 ilia
568 2406 693 2448 movere
708 2391 793 2448 deas.

175 2471 238 2531 Sed
255 2472 280 2530 si
298 2473 357 2530 iam
374 2473 483 2532 veliem
498 2472 575 2532 fines
591 2475 721 2532 transire
737 2474 874 2547 pudoris,

215 2554 259 2613 Tu
274 2555 379 2614 melior
393 2556 502 2629 calpae
520 2571 615 2615 causa
630 2557 747 2616 tuturus
763 2573 841 2616 eras.

172 2641 236 2697 Aut
249 2649 307 2711 ego
324 2647 472 2712 perpetuo
488 2641 597 2698 tamam
613 2640 680 2698 sine
697 2639 764 2698 tabe
781 2642 902 2714 tenebo,

130 2727 165 2782 70
218 2723 279 2780 Aut
293 2737 351 2795 ego
367 2729 396 2780 te
415 2723 529 2795 potius,
553 2739 643 2796 quarn
659 2731 709 2782 tua
725 2723 807 2781 dona
822 2739 942 2797 sequar.

134 2833 137 2839 ·
172 2803 272 2876 thue
287 2821 324 2864 ea
340 2820 400 2863 non
418 2821 546 2880 sperno,
569 2808 614 2865 sic
629 2807 843 2881 acceptissima
862 2823 984 2882 semper
1029 2829 1032 2836 ’

213 2886 340 2946 Munera
355 2894 439 2953 sunt,
460 2895 566 2948 auctor
581 2905 660 2962 quae
675 2890 810 2964 pretiose
825 2890 905 2950 iacit.
967 2953 969 2958 ,

171 2969 243 3030 Pius
258 2971 349 3031 multo
364 2972 505 3045 estquod
523 2989 622 3044 emas,
639 2974 722 3047 quod
735 2990 801 3032 sum
813 2975 865 3033 tibi
878 2990 973 3034 causa
984 2976 1107 3049 laboris,

217 3052 380 3125 Quodtam
395 3070 450 3128 per
465 3055 572 3128 longas
587 3071 663 3130 spes
679 3065 731 3116 tue
745 3059 827 3116 venit
839 3056 949 3132 ‘aquas
1035 3097 1036 3102 κ

129 3135 230 3196 751113
243 3149 375 3210 quoque,
392 3138 533 3211 adposita
546 3157 625 3212 quae
637 3157 716 3200 nunc
728 3142 813 3214 13313,
829 3142 975 3216 improbe,
992 3158 1106 3214 mensa,

217 3217 361 3290 Quamvis
378 3221 520 3294 experiar
535 3222 741 3298 dissimulare,
764 3233 853 3284 notos

174 3300 248 3360 Cum
262 3303 354 3362 modo
370 3319 419 3360 me
434 3313 557 3378 spectas
575 3307 686 3379 oculis,
708 3308 838 3378 lascive,
861 3308 1021 3380 protervis,

216 3384 298 3457 Quos
313 3387 366 3444 vix
381 3387 528 3447 instantes
542 3390 655 3458 lumina
669 3397 775 3448 nostre
791 3390 898 3460 ferunt,

171 3465 210 3526 Et
223 3470 315 3529 modo
331 3471 488 3545 suspiras,
511 3472 604 3532 modo
620 3473 731 3546 pocula
746 3472 886 3545 proxima
900 3471 988 3532 nobis
