2472 4010
431 237 749 315 1,8,50-9,10.·

201 395 256 472 Qui
270 394 415 467 doceant,
438 401 509 467 apte
524 393 595 466 quid
614 387 665 452 tilii
682 392 784 466 possit
797 392 872 450 emi:

157 479 195 538 Et
209 477 267 538 sibi
283 493 382 552 pauca
396 485 514 550 rogent.
542 477 654 536 Multos
671 477 697 534 si
712 491 811 550 panca
825 475 991 549 rogabunt,

117 571 153 625 9ο
205 561 374 622 Postmodo
391 561 430 620 de
445 561 558 636 stipula
576 560 702 634 grandis
716 575 846 619 acervus
862 559 926 618 erit.

158 647 195 706 Et
210 662 312 719 soror,
336 651 366 703 et
379 651 488 720 mater,
509 645 611 703 nutrix
625 659 750 718 quoque
766 649 871 717 carpat
884 649 1050 702 amantem:

131 788 138 798 ,
200 730 246 789 Fit
262 731 321 790 cito
338 729 516 802 permultas
531 727 647 802 praeda
664 729 755 798 petita
769 742 887 786 manus.

160 815 234 875 Cum
248 821 277 872 te
294 812 437 872 deficient
453 811 601 886 poscendi
617 827 744 871 munera
760 826 887 884 causae,

202 897 337 956 Natalem
353 895 414 955 libo
429 895 594 954 testificare
609 903 701 955 tuum.

116 989 151 1042 95
162 981 207 1040 Ne
222 995 349 1040 securus
366 985 446 1037 amet
461 980 542 1038 nullo
556 980 669 1050 rivale,
688 985 811 1038 cavalca

201 1064 268 1122 Non
282 1063 377 1135 bene,
402 1062 428 1120 si
442 1062 533 1120 tollas
549 1061 682 1134 proelia,
707 1063 796 1120 durat
811 1076 906 1120 amor.

160 1148 213 1205 llle
228 1145 285 1204 viri
297 1145 400 1203 videat
414 1151 477 1203 toto
493 1145 625 1216 vestigia
642 1145 735 1214 lecto,

200 1230 354 1302 Factaque
369 1227 494 1286 lascivis
507 1227 601 1286 livida
618 1228 697 1284 colla
713 1228 802 1286 notis.
930 1272 934 1279 .

158 1313 285 1373 Munera
299 1311 466 1386 praecipue
484 1310 601 1381 videat,
625 1325 705 1383 quae
719 1310 836 1369 miserit
850 1312 935 1370 aller.

93 1406 146 1458 100
204 1396 236 1457 Si
252 1395 371 1455 dederit
385 1410 492 1467 nemo,
510 1393 605 1454 Sacra
619 1395 758 1468 roganda
774 1395 823 1453 via
838 1403 894 1455 est.

158 1481 232 1541 Cum
248 1482 341 1539 multa
356 1478 533 1551 abstuleris,
549 1485 658 1537 utnon
673 1485 773 1537 mmen
791 1477 893 1538 omnia
907 1478 1015 1549 donet,

204 1564 292 1636 Quod
306 1578 471 1636 numquam
487 1562 617 1634 reddas,
640 1563 827 1634 commodet,
850 1564 920 1636 ipsa
933 1577 1018 1634 roga.

155 1647 273 1721 Lingua
288 1646 385 1717 iuvet,
409 1655 602 1720 mentemque
616 1651 707 1719 tegat.
738 1646 892 1718 blandire,
916 1661 1071 1720 neceque:

201 1722 299 1804 impia
313 1728 370 1788 sub
386 1728 468 1787 dulci
485 1729 573 1788 melle
588 1743 709 1787 venena
723 1731 826 1789 latent.

94 1824 143 1876 105
154 1814 240 1874 Haec
256 1815 283 1872 si
299 1811 487 1887 praestiteris
505 1828 565 1871 usu
579 1811 651 1870 mihi
667 1813 788 1886 cognita
802 1815 912 1886 longo,

199 1897 262 1958 Nec
275 1897 397 1956 tulerint
412 1911 506 1956 voces
524 1902 631 1954 ventus
648 1903 678 1954 et
692 1911 767 1955 aura
781 1911 882 1967 meas,

158 1983 261 2057 Saepe
275 1981 348 2040 mihi
364 1981 449 2040 dices
467 1980 556 2040 vivae
572 1979 668 2050 bene,
690 1995 785 2053 saepe
799 1977 940 2053 rogabis,

200 2067 240 2126 Ut
253 2081 322 2124 mea
337 2063 641 2126 deiunctaemolliter
655 2078 730 2122 ossa
749 2063 882 2122 cubent!

155 2151 229 2210 Vox
244 2157 308 2209 erat
320 2148 351 2207 in
370 2163 477 2219 cursu,
501 2163 569 2206 oum
584 2162 633 2205 me
647 2163 715 2205 mea
730 2146 866 2221 prodidit
879 2144 997 2205 umbra.

96 2243 145 2295 llo
199 2235 239 2292 At
254 2238 379 2291 nostrae
394 2232 446 2290 vix
462 2247 496 2290 se
512 2231 689 2290 continuere
704 2246 828 2302 manus,

159 2317 236 2390 Quin
252 2316 352 2375 albam
366 2329 529 2388 raramque
545 2329 664 2372 comam
678 2314 906 2386 lacrimosaque
923 2312 993 2372 vino

200 2400 328 2459 Lumina
341 2413 471 2473 rugosas
487 2398 752 2471 distraherentque
767 2411 872 2471 genas.

156 2485 194 2544 Di
209 2483 263 2543 tibi
277 2483 351 2542 dent
363 2483 526 2556 nullosque
540 2483 621 2539 lares
639 2481 824 2555 inopemque
839 2485 1009 2550 senectam,

174 2629 182 2648 Ι
202 2569 240 2626 Et
253 2568 362 2641 longas
376 2566 493 2625 hiemes
509 2571 751 2640 perpetuamque
766 2564 863 2624 sitim!

100 2703 127 2794 9
159 2701 275 2797 Militat
291 2737 389 2796 omnis
405 2751 526 2807 amans,
550 2742 579 2794 et
594 2734 686 2793 habet
701 2749 758 2792 sua
772 2738 873 2790 eastra
888 2730 1021 2805 Cupidoz

199 2823 316 2896 Attice,
339 2822 534 2895 medemini,
555 2821 661 2880 militat
674 2819 773 2903 omnis
788 2833 905 2878 amans.

159 2905 244 2978 Quae
261 2906 342 2967 bello
360 2914 406 2966 est
420 2905 546 2979 habilis,
561 2905 675 2964 Veneri
691 2919 817 2977 quoque
833 2899 975 2961 convenit
989 2906 1074 2958 aetas

201 2990 302 3064 Turpe
318 3005 414 3050 senex
428 2991 531 3060 miles,
553 2997 642 3062 turpe
663 2987 769 3046 senilis
786 3001 881 3046 amor.

130 3081 146 3130 5
160 3072 243 3144 Quos
262 3075 377 3149 petiere
391 3075 487 3133 duces
503 3090 601 3134 annos
617 3072 647 3130 in
666 3071 758 3131 milite
773 3071 858 3142 lorti,

201 3156 267 3215 Hos
283 3157 358 3232 petit
371 3159 400 3217 in
418 3158 505 3218 socio
520 3157 601 3216 bella
616 3157 717 3230 puella
731 3163 809 3215 toro.

158 3237 344 3314 Pervigilant
358 3241 456 3302 ambo.
483 3249 564 3300 terra
578 3240 743 3314 requiescit
756 3247 900 3310 uterque:

203 3323 257 3382 Ille
273 3325 356 3383 iores
373 3326 514 3385 dominae
530 3331 647 3397 servat,
669 3330 701 3382 at
715 3323 765 3380 ille
780 3320 878 3380 ducis.

156 3405 262 3466 Militis
278 3408 413 3467 ollioium
428 3411 520 3484 longa
535 3416 582 3468 est
594 3408 653 3466 via.
685 3406 769 3465 lllitte
786 3405 933 3477 puellam,

114 3498 150 3550 ιο
205 3489 355 3551 Strenuus
370 3500 512 3568 exempto
529 3493 591 3552 line
604 3495 749 3565 sequetur
764 3499 886 3545 amans:
