2472 4010
401 227 737 304 11,9,18-10,·38.
1040 231 1083 294 33

71 342 124 440 w
145 343 197 438 Tu
214 376 300 446 mihi,
323 384 356 435 tu
371 377 824 451 certe...nrenrini..Graecinc,
847 378 983 451 negabas

190 461 258 524 Uno
273 475 370 535 posse
385 461 518 538 aliquem
532 466 669 536 ternpore
684 476 787 520 amare
803 462 890 522 duas.

95 620 100 628 .
149 544 206 603 Per
220 551 250 602 te
266 561 324 618 ego
340 543 487 618 decipior.
518 560 574 618 per
588 552 618 603 te
634 545 806 620 deprensus
823 544 961 618 inermis

191 631 285 700 linea,
310 628 388 696 duas
404 644 465 687 uno
481 633 618 704 tempore
633 628 730 702 turpis
748 643 828 692 amo.

121 713 284 785 sulcoque
300 712 456 770 formonsa
471 717 528 772 est.
557 727 709 786 operosae
725 712 857 775 cultibus
873 712 996 772 ambae:

37 803 39 808 ’
189 795 313 854 Artibus
329 797 359 853 in
381 795 473 855 dubio
489 802 549 866 est,
572 795 650 855 haec
666 796 720 869 sit,
744 812 782 856 an
797 796 848 855 illa
863 798 954 871 prior.

150 877 308 939 Pulchrior
320 879 379 940 hac
394 879 445 938 illa
460 885 517 938 est.
548 879 626 940 haec
641 885 688 940 est
704 895 829 954 quoque
844 879 999 956 pulchrior
1015 880 1066 939 illa

190 964 227 1024 Et
241 963 339 1037 magis
354 961 432 1020 haec
447 961 552 1035 nobiS,
576 971 606 1024 et
620 963 718 1038 magis
734 963 784 1024 illa
801 964 910 1037 placet.

147 1047 271 1115 Errant,
293 1052 324 1104 ut
338 1046 437 1106 ventis
453 1045 647 1106 discordibus
663 1053 731 1105 acta
747 1047 909 1122 phasel0S,

106 1139 140 1192 10
183 1125 419 1202 ¹Dividuumque
435 1135 538 1188 tenent
553 1129 628 1188 alter
643 1135 672 1188 ct
687 1129 762 1187 alter
777 1146 873 1189 antor.

148 1213 225 1286 Quid
240 1211 392 1287 geminas,
414 1211 562 1288 Erycina,
586 1227 671 1272 meos
693 1212 759 1271 sine
777 1213 838 1272 fine
853 1214 999 1275 dolores?

190 1295 256 1355 Non
272 1296 381 1372 eratin
396 1311 485 1354 curas
501 1311 563 1355 una
577 1297 679 1370 puella
693 1295 792 1356 satist

148 1380 228 1454 Quid
243 1379 315 1439 lolia
329 1379 505 1454 arboribus,
529 1378 604 1454 quid
621 1380 711 1454 pleno
727 1379 829 1439 sidera
845 1379 946 1452 caele,
1030 1437 1035 1442 .

191 1466 225 1525 In
241 1465 316 1524 ireta
332 1464 476 1524 collectas
491 1463 551 1522 alta
567 1463 639 1538 quid
654 1463 743 1524 addis
762 1471 882 1538 aquas?

107 1561 137 1611 15
151 1549 215 1608 Sed
230 1556 329 1608 tarnen
345 1547 404 1607 hoc
419 1547 541 1618 melius,
565 1563 656 1622 quarn
671 1547 697 1606 si
714 1547 779 1606 sine
796 1563 900 1606 arnore
913 1547 1054 1608 iacerent.

189 1631 337 1690 Hostibus
350 1631 470 1690 eveniat
482 1630 543 1688 vita
561 1646 671 1703 seuera
686 1632 772 1690 meis.

147 1714 294 1776 Hostibus
310 1713 431 1773 eveniat
446 1713 538 1776 viduo
554 1714 686 1777 dormire
701 1715 807 1787 cubili,

190 1799 228 1858 Et
242 1797 343 1856 medio
359 1797 429 1856 laxe
444 1812 559 1871 ponere
575 1798 711 1857 membra
726 1806 804 1858 toro.

148 1883 190 1944 At
203 1881 275 1943 mibi
289 1897 405 1942 saevus
421 1896 506 1940 arnor
521 1896 647 1956 somnos
663 1881 824 1956 abrumpat
838 1883 965 1954 inertes,

28 1959 33 1964 ’
105 1975 140 2029 20
195 1965 323 2040 Simque
336 1965 394 2024 mei
414 1964 483 2024 lecti
498 1980 560 2024 non
575 1980 632 2038 ego
650 1965 737 2025 solus
753 1982 842 2026 onus.

148 2050 200 2108 Me
215 2066 282 2109 rnen
297 2050 456 2124 disperdat
470 2049 551 2108 nullo
568 2048 749 2122 prohibente
764 2050 879 2124 puella,

193 2132 227 2194 Si
241 2135 315 2194 satis
330 2149 392 2193 una
407 2141 518 2206 potest.
548 2133 575 2191 si
590 2133 781 2205 nrinusuna,
805 2133 894 2192 duae.

150 2217 319 2282 Sufficiam.
350 2216 495 2292 graciles,
515 2232 575 2276 non
592 2223 662 2285 sunt
677 2217 744 2276 sine
758 2216 875 2275 viribus
891 2225 985 2276 artus.

191 2299 345 2375 Pondere,
368 2317 430 2359 non
444 2300 547 2360 nervis
565 2315 697 2373 corpora
712 2307 817 2360 nostra
830 2308 942 2360 carent.

106 2395 141 2446 ιι
153 2385 192 2444 Ει
206 2385 291 2445 lateri
307 2384 389 2444 dabit
403 2385 431 2443 in
447 2383 528 2462 uires
546 2383 688 2442 alirnenta
701 2384 854 2458 voluptas.

192 2468 328 2544 Decepta
343 2477 391 2529 est
405 2482 500 2542 opera
514 2468 596 2528 nulla
610 2467 712 2540 puella
726 2483 803 2528 mea.

150 2553 253 2626 Saepe
268 2569 341 2628 ego,
363 2552 499 2612 lascivae
514 2557 696 2624 consumpto
713 2558 850 2626 tempore
865 2550 979 2621 noctis,

191 2637 279 2697 Utilis
295 2643 325 2698 et
339 2635 409 2695 lorti
422 2651 552 2708 corpore
567 2649 655 2692 rnane
671 2634 724 2693 lui.

148 2720 252 2800 Felix,
278 2735 368 2795 quem
380 2719 511 2779 Veneris
531 2717 695 2776 certamina
710 2724 812 2776 mutua
829 2719 968 2792 perdunt

105 2810 141 2864 30
197 2804 232 2863 Di
248 2804 373 2878 iaciant,
393 2801 553 2862 leticausa
568 2801 607 2862 sit
622 2801 768 2860 istameit

150 2888 261 2946 Induat
277 2888 417 2948 adversis
433 2885 584 2948 contraria
600 2892 726 2960 pectora
742 2885 808 2944 telis

193 2971 295 3045 Miles,
315 2978 345 3030 et
359 2978 514 3032 aeternum
530 2969 679 3043 sanguine
693 2984 803 3028 nomen
819 2978 909 3030 emat.

150 3054 282 3127 Quaerat
297 3071 409 3114 avarus
425 3070 516 3130 opes,
541 3059 570 3112 et
586 3069 665 3129 quae
679 3053 802 3114 lassarit
816 3054 931 3114 arando

193 3139 353 3213 Aequora,
377 3139 497 3214 periuro
513 3138 678 3211 naufragus
694 3153 747 3196 ore
761 3137 855 3196 bibat.

105 3229 139 3282 35
151 3222 193 3280 Αι
205 3221 280 3280 milri
296 3223 451 3298 contingat
466 3221 588 3281 veneris
604 3222 804 3296 languescere
819 3229 915 3292 motu,

193 3305 267 3365 Curn
282 3306 410 3382 moriar,
430 3305 561 3365 medium
578 3305 682 3364 solvar
697 3313 727 3365 et
741 3306 818 3365 inter
833 3318 923 3377 opus.

147 3388 253 3462 Atque
268 3389 396 3465 aliquis,
415 3396 520 3450 nostro
537 3389 697 3448 lacrimans
712 3390 740 3448 in
758 3389 880 3457 iuuere,
905 3383 986 3446 dicat

194 3472 400 3534 ‘Conveniens
416 3475 495 3534 vitae
509 3489 593 3532 rnors
608 3471 662 3528 luit
677 3473 734 3530 ista
749 3472 848 3530 tuae).

103 3571 189 3614 ovrn.
217 3557 236 3612 l.
904 3560 922 3612 3
