2488 4006
381 277 448 336 Vll.
471 275 582 336 DIDO
604 275 781 340 52-127.
836 323 840 328 -
1057 272 1102 339 Μ

120 438 156 493 110
208 427 333 504 Vixque
347 428 427 489 bene
442 425 548 488 audito
563 426 686 488 nomine
703 443 799 504 regna
814 428 896 489 dedi.

162 512 218 572 His
232 519 334 573 tamen
350 511 460 572 olliciis
475 511 589 570 utinam
605 519 748 572 contenta
762 512 897 587 fuissem,

52 599 55 607 '
205 596 244 656 Et
257 596 329 655 mihi
346 594 525 655 concubitus
542 596 622 654 sarna
637 596 757 670 sepulta
772 597 864 657 toret!

163 681 218 740 llla
232 681 299 740 dies
314 680 431 751 nocuit,
454 695 514 752 qua
528 693 586 738 nos
603 677 721 738 declive
736 680 793 740 sub
809 686 927 739 antrum

208 764 372 824 Caeruleus
387 763 496 823 subitis
513 762 659 836 compulit
671 761 768 823 imber
782 763 882 837 aquis.

66 925 70 931 ,
121 855 156 910 95
167 848 334 908 Audieram
349 862 467 907 vocem.
490 845 644 923 nymphas
659 847 796 907 ululasse
810 846 923 923 putavi.

206 931 391 992 Eumenides
407 930 483 997 latis¹
493 931 582 1004 signa
596 929 710 989 dedere
724 931 811 990 meis.
891 933 892 938 ’

163 1014 274 1089 Exige,
296 1015 381 1074 laese
397 1014 512 1088 pudor,
537 1027 669 1087 poenas,
689 1015 880 1089 umbraeque
895 1013 1028 1092 Sychaei
1057 1048 1102 1061 —-

206 1099 256 1157 Ad
273 1113 373 1171 quas..
387 1111 436 1155 me
450 1095 591 1154 miseram
601 1103 629 1153 t..
653 1095 744 1169 plena
760 1097 885 1170 pudoris
903 1113 951 1157 eo.

164 1180 220 1242 Est
234 1180 305 1238 mihi
320 1195 490 1238 marmorea
506 1185 645 1240 sacratus
660 1178 690 1236 in
707 1180 784 1238 aede
800 1179 977 1257 Sychaeus:

102 1275 155 1328 100
208 1261 375 1339 Oppositas
393 1261 520 1321 trondes
535 1262 711 1335 velleraque
726 1261 795 1320 alba
812 1269 924 1338 tegunt.
1023 1295 1026 1302 ‹

164 1347 242 1407 ilinc
258 1361 315 1422 ego
329 1361 378 1406 me
394 1345 478 1407 sensi
493 1350 566 1405 noto
583 1353 689 1420 quater
704 1358 757 1404 ore
772 1346 873 1406 citari:

206 1432 279 1506 lpse
295 1445 372 1490 sono
389 1431 471 1491 tenui
487 1428 563 1488 dixit
578 1429 707 1502 ’11110εο,
728 1429 826 1488 venit'

163 1515 253 1574 Nulla
268 1530 354 1574 mora
370 1521 430 1589 est,
455 1515 553 1572 venio.
575 1513 666 1572 venio
681 1513 734 1572 tibi
749 1512 851 1574 debita
867 1515 1012 1576 coniunx.

208 1597 282 1658 Sum
296 1604 395 1656 tamen
412 1597 540 1656 admissi
555 1597 643 1656 tarda
658 1597 776 1671 pudore
791 1597 860 1657 mei.

100 1692 151 1744 105
163 1683 210 1742 Da
225 1681 344 1740 veniam
360 1681 477 1755 culpae.
501 1679 623 1754 decepit
638 1681 768 1740 idoneus
785 1688 900 1742 auctor.

207 1764 354 1824 Invidiam
370 1778 471 1823 noxae
486 1761 616 1822 detrahit
631 1763 681 1822 ille
696 1759 792 1824 meae.

164 1847 243 1908 Diva
259 1863 371 1922 parens
387 1847 551 1922 seniorque
566 1853 653 1921 pater
668 1847 719 1921 pia
734 1849 855 1908 sarcina
867 1847 929 1908 nati

210 1931 303 2006 Spem
318 1931 390 1990 mihi
409 1930 544 1991 mansuri
560 1930 617 1990 rite
631 1929 745 1990 dedere
760 1931 828 1991 tori.

168 2015 200 2075 Si
215 2015 269 2076 1011
282 2016 459 2090 errandum,
484 2029 595 2075 causas
610 2013 702 2075 habet
717 2031 803 2076 error
816 2015 976 2076 honestas.

102 2109 154 2163 110
205 2099 296 2158 Adde
311 2098 420 2173 fidem,
441 2099 526 2158 nulla
541 2104 626 2174 parte
641 2099 792 2172 pigendus
808 2100 872 2161 erit.

165 2184 259 2244 Durat
275 2183 304 2241 in
322 2189 504 2256 extremum,
524 2183 668 2256 vitaeque
684 2183 853 2244 novissima
867 2190 995 2244 nostrae

207 2266 405 2342 Prosequitur
423 2265 475 2326 lati
493 2265 544 2340 qui
560 2265 713 2342 scitante,
734 2272 831 2328 tenor.

167 2349 283 2410 Occidit
297 2349 430 2409 internas
446 2349 579 2409 coniunx
593 2355 743 2410 mactatus
758 2351 797 2410 ad
813 2365 892 2427 aras,

206 2433 244 2492 Et
259 2434 385 2493 sceleris
400 2433 473 2492 tanti
488 2433 624 2508 praemia
638 2433 731 2494 irater
744 2434 844 2494 habet.

101 2529 153 2580 115
163 2517 260 2576 Exsul
275 2533 364 2591 agor,
389 2516 571 2592 cineresque
587 2517 645 2575 viri
661 2517 849 2594 patriamque
863 2518 1016 2595 relinquo,

208 2602 246 2661 Et
261 2600 342 2660 teror
357 2601 387 2660 in
403 2601 496 2661 duras
511 2599 602 2660 hoste
617 2609 765 2675 sequente
779 2601 861 2662 vias=

52 2711 56 2715 ·
163 2683 314 2758 Adplicor
328 2684 453 2758 ignotis,
477 2681 623 2760 fratrique
639 2686 746 2761 elapsa
756 2685 899 2762 fretoque

208 2768 294 2842 Quod
310 2767 363 2828 tibi
378 2769 506 2843 donavi,
530 2768 664 2843 perfide,
687 2769 757 2829 litus
773 2784 852 2828 erno,

164 2849 277 2913 Urbem
291 2853 448 2924 constitui,
470 2853 592 2927 lateque
607 2851 808 2927 patenttafixi

100 2946 152 2999 110
203 2934 325 2996 Μο01110
339 2935 472 2996 finitimis
488 2935 641 2996 invidiosa
657 2937 743 2996 locis.

164 3017 249 3080 Bella
263 3026 390 3081 tument.
410 3018 500 3080 bellis
516 3019 678 3096 peregrina
691 3027 722 3079 et
736 3019 849 3079 lomina
863 3024 1005 3098 temptor,

206 3104 329 3178 Vixque
343 3104 430 3164 rudis
446 3111 551 3178 portas
566 3103 652 3163 urbis
668 3111 697 3164 et
711 3119 795 3163 arma
810 3119 897 3179 paro.

162 3187 245 3247 Mille
260 3188 364 3263 procis
379 3189 495 3264 placui,
518 3188 570 3262 qui
588 3203 637 3246 me
651 3187 754 3248 coiere
770 3194 933 3271 querentes

205 3271 317 3333 Nescio
333 3287 424 3347 quern
439 3271 580 3332 thalamis
594 3272 817 3347 praeposuisse
832 3271 907 3330 suis,

99 3354 243 3429 1150010
258 3355 379 3418 dubitas
393 3355 525 3416 vinctam
541 3355 667 3415 Gaetulo
684 3355 805 3414 tradere
819 3352 949 3412 Iarbae?

205 3439 400 3500 Praebuerim
415 3439 523 3500 sceleri
536 3439 680 3500 bracchia
694 3443 801 3498 nostra
814 3442 878 3496 tuo.

162 3523 218 3584 Est
233 3523 323 3586 etiarn
338 3525 443 3599 110101,
464 3524 551 3586 ouius
565 3538 673 3583 manus
688 3521 781 3596 impia
796 3517 895 3596 possit
