2472 4010
91 305 97 309 .
139 251 180 315 eo
501 212 503 216 '
543 253 746 314 nuceum

223 405 355 464 Molliter
370 403 492 464 incedit.
505 439 506 442 =
521 412 605 466 motu
622 405 711 480 cupit.
740 405 845 464 Attene
860 405 936 465 dura
952 414 1015 466 est:

265 493 306 549 At
320 489 431 564 poterit
444 495 524 548 tacto
541 489 661 548 mollior
676 503 747 548 csse
761 489 837 548 viro.

180 582 214 634 25
227 573 311 631 Haec
327 573 400 647 quia
415 573 503 632 dulce
519 574 612 644 canit,
635 573 788 646 flectitque
804 571 1083 653 facillimavocem

267 656 379 716 Oseuia
394 657 524 716 cantanti
539 664 629 731 rapta
642 656 767 714 dedisse
783 656 882 714 veiim.

222 739 306 798 Haec
322 740 467 814 quamtas·
479 739 573 799 babili
590 739 868 816 percurrit—pollice
885 739 1032 800 chordas:

263 823 335 882 Tam
353 823 460 899 doctas
476 825 545 897 quis
560 838 620 881 non
638 823 736 897 possit
751 839 852 882 amare
867 829 996 881 uranus?
1042 845 1047 847 ·

222 907 276 965 lita
290 906 391 980 placet
404 914 507 980 gestu,
530 921 756 980 numerosaque
771 905 895 964 brachia
911 906 1007 980 ducit,

179 998 215 1052 30
266 989 303 1048 Et
317 997 454 1049 tenerum
468 991 551 1050 molti
566 997 687 1063 torquet
701 991 739 1048 ab
754 997 818 1048 arte
833 991 927 1048 tatus:

222 1073 261 1134 Ut
274 1080 392 1132 taceam
408 1073 446 1132 de
461 1088 524 1148 me,
548 1075 600 1148 qui
617 1085 711 1133 causo
726 1080 836 1148 tangor
850 1073 888 1132 ab
905 1072 1001 1146 omni,

265 1156 328 1216 liiic
343 1155 542 1232 Hippolytum
562 1173 657 1244 pone?
680 1155 808 1232 Priapus
824 1157 887 1216 erit.

221 1240 280 1314 Tu,
302 1240 373 1315 quia
390 1245 450 1298 tam
467 1242 558 1314 longa
574 1243 626 1314 es,'
648 1246 767 1300 veteres
782 1241 927 1300 heroidas
944 1255 1075 1315 aequas,

163 1395 165 1398 Ι
263 1325 300 1382 Et
316 1331 403 1398 potes
418 1325 447 1383 in
463 1331 526 1383 toto
542 1327 635 1383 multa
650 1325 750 1408 iacere
765 1331 843 1384 toro.

179 1416 213 1468 35
226 1409 308 1467 Haec
323 1408 433 1466 habitis
448 1408 595 1467 brevitate
610 1425 666 1467 sua
681 1415 737 1466 cst.
772 1409 955 1482 corrumpor
968 1413 1111 1481 utraque=

265 1491 455 1550 Conveniunt
470 1499 541 1550 voto
558 1493 650 1566 longa
664 1491 829 1566 brevisque
848 1507 926 1550 meo.
1040 1521 1043 1526 ·

221 1575 286 1633 Non
303 1582 350 1634 est
365 1576 476 1634 culta...
492 1575 588 1650 subit,
615 1575 689 1649 quid
705 1576 802 1634 curtae
817 1575 966 1634 accedere
979 1575 1088 1650 possit.

265 1658 376 1718 Ornata
392 1667 469 1718 cst...
487 1660 574 1718 dotes
591 1659 714 1718 exhibet
728 1660 796 1733 ipsa
812 1675 895 1718 suas.

223 1741 358 1802 Candida
375 1758 423 1800 me
439 1742 730 1816 capiet‚'capietmc
746 1741 827 1801 flava
844 1742 958 1816 puelia,
999 1737 1003 1740 ’

178 1833 213 1886 to
265 1825 321 1885 Est
330 1826 423 1884 setiam
440 1827 469 1884 in
485 1828 572 1886 tusco
588 1833 675 1900 grata
689 1827 793 1885 colore
810 1842 915 1884 venus.

223 1907 284 1967 Seu
300 1910 434 1983 pendent
449 1910 538 1970 nivea
554 1910 627 1985 pulli
644 1909 763 1968 cervice
779 1910 895 1983 capitii,

263 1991 347 2050 Leda
364 1993 417 2051 suit
432 1994 518 2066 nigra
530 1993 753 2067 conspicienda
767 2009 870 2052 coma:

222 2074 428 2148 sauderent,
448 2078 561 2151 piacuit
577 2077 694 2136 croceis
711 2079 830 2136 Aurora
846 2075 973 2150 capitiis.

214 2192 219 2202 ·
263 2158 409 2219 Omnibus
424 2160 559 2220 historiis
575 2177 610 2220 se
625 2177 711 2220 meus
728 2167 811 2234 aptat
826 2175 920 2218 amor.

179 2251 213 2303 45
225 2242 274 2300 Me
289 2259 371 2302 nova
387 2245 542 2315 sollicitat,
566 2259 614 2302 mc
631 2245 725 2318 tangit
741 2244 839 2302 serior
854 2249 949 2302 aetas.

263 2326 346 2385 Haec
362 2328 470 2386 melior
484 2328 588 2402 specio
603 2327 757 2402 corporiS‚
780 2329 830 2386 illa
845 2327 934 2400 sapit.

149 2451 154 2455 -
221 2409 360 2483 Denique
377 2427 453 2484 quas
469 2419 532 2470 tota
547 2411 709 2486 quisquam
724 2411 834 2484 probet
847 2409 929 2469 Urbe
946 2409 1080 2484 puellas,

263 2492 373 2552 Noster
387 2495 416 2552 in
430 2495 488 2557 has
505 2496 603 2554 omnis
619 2494 798 2554 ambitiosus
815 2509 908 2552 amor.

167 2623 192 2714 5
223 2619 335 2718 Nullus
346 2675 430 2718 amor
442 2661 513 2718 tanti
529 2669 623 2733 e'st,...
640 2663 750 2735 abeas,
767 2661 938 2734 pharetrato
951 2657 1105 2732 Cupido...

198 2785 202 2792 -
264 2742 303 2802 Ut
318 2743 389 2801 mihi
405 2744 465 2802 sint
478 2745 589 2804 totiens
603 2746 734 2804 maximo
749 2752 820 2804 vote
836 2743 920 2802 mori.

222 2827 302 2886 Vota
317 2827 393 2886 mori
409 2843 476 2886 mea
493 2836 576 2902 sunt,
600 2844 667 2888 oum
684 2837 713 2887 te
729 2842 878 2902 peccasse
892 2826 1053 2895 recordor,
1091 2823 1093 2827 ’

261 2909 296 2967 Ei
314 2911 385 2968 mihi
402 2920 582 2986 perpetuum
598 2919 667 2970 nata
684 2913 785 2986 puelia
800 2912 925 2970 maium!

192 2992 285 3052 5Non
302 2993 374 3050 mihi
390 2994 538 3069 deceptae
553 2997 667 3054 nudant
681 3003 731 3055 tua
748 2996 825 3054 iacta
841 2993 986 3052 tabellae:
1098 3008 1110 3017 ·

262 3075 324 3133 Noc
341 3076 411 3136 data
426 3079 534 3138 furtive
554 3095 680 3138 munera
695 3077 944 3137 crimen-habent.

221 3157 375 3230 Outinam¹
389 3177 546 3234 arguerem
563 3163 622 3234 sic,
647 3171 677 3222 ut
693 3178 752 3221 non
766 3162 888 3220 vincere
904 3165 1046 3234 possem!

262 3241 311 3301 Me
327 3245 485 3322 miserum,
509 3261 604 3318 quare
618 3253 678 3304 tam
693 3246 773 3304 bona
790 3261 884 3304 causa
899 3259 967 3302 mea
982 3247 1049 3302 est?

220 3325 320 3398 Feiix,
343 3328 395 3401 qui
412 3329 496 3400 quod
514 3337 608 3398 amat,
630 3329 795 3388 deiendcrc
810 3329 925 3386 fortiter
940 3327 1045 3398 audet,

178 3417 212 3467 10
265 3409 318 3466 Cui
334 3426 391 3469 sua
406 3414 479 3469 ‘non
496 3411 684 3469 seoi’dicere
698 3412 795 3469 amica
811 3417 920 3484 potest.

147 3535 150 3549 .
197 3487 346 3553 ,Ferreus
362 3499 409 3568 est
423 3493 611 3567 nimiumque
626 3503 682 3553 suo
699 3495 780 3552 iavet
794 3495 843 3552 iiie
859 3494 973 3566 dolori,

1224 3197 1225 3210 i

1224 3215 1225 3228 i

1224 3233 1225 3240 t

1142 3328 1147 3338 ¹

1224 3417 1225 3426 t
