2498 4008
536 247 597 312 297
611 247 732 311 -eta
913 346 918 356 ’
1086 249 1155 314 230

88 461 89 464 ,
144 415 197 470 333
207 406 343 466 Barbara
359 416 500 461 sermone
515 407 582 460 este
602 402 650 460 lac
664 407 764 460 tecum
780 400 872 472 multa
887 401 1038 474 loquatur.

253 489 319 547 Non
336 485 440 544 didicit
456 485 587 543 chordas
602 490 746 558 tangeret
769 498 864 558 posce
882 484 990 560 lyram.

209 571 320 632 Durius
336 568 469 628 incedite
491 568 539 627 lac
554 567 727 627 inambulet.
765 566 860 626 Omne
875 567 1007 641 papillae

252 654 360 712 Pectus
375 651 489 710 habent
503 651 657 710 tumidae?
678 644 774 710 fascia
788 651 871 708 nulla
884 657 975 724 tegat.

212 736 242 796 Si
260 737 338 796 male
352 735 475 794 dentata
490 741 552 816 est,
574 749 678 806 narra,
701 734 784 808 quod
799 733 912 806 rideat,
933 734 987 792 illi.

36 874 39 885 .
145 829 199 882 340
251 818 394 878 Mollibus
409 825 456 878 est
471 819 590 878 oculis?
612 817 694 892 quod
710 815 782 876 fleat
797 817 861 885 illa,
881 817 971 874 celer.

209 903 347 963 Proderit
362 909 392 961 et
406 901 521 975 subito,
546 917 614 960 cum
629 916 664 960 se
680 915 741 960 non
756 901 876 960 finxerit
890 899 952 974 ulli,

250 987 301 1045 Ad
317 986 469 1045 dominam
486 985 601 1043 celeres
616 999 704 1042 mane
718 983 826 1043 tulisse
841 983 965 1057 gradus.

209 1071 383 1128 Auferimur
398 1071 488 1128 cultu.
511 1069 638 1142 gemmis
654 1082 791 1140 auroque
806 1073 946 1140 teguntur

253 1152 368 1210 Omnia.
392 1167 463 1224 pars
478 1151 604 1208 minima
615 1158 662 1209 est
676 1151 745 1222 ipsa
762 1149 863 1222 puella
878 1149 936 1208 sui.

35 1252 38 1269 ·
144 1241 197 1294 345
210 1231 310 1306 Saepe
324 1231 378 1291 ubi
393 1231 445 1304 sit,
469 1233 554 1306 quod
569 1247 668 1304 ames,
691 1231 769 1290 inter
782 1237 843 1289 tam
858 1231 950 1293 molta
963 1231 1116 1304 requiras.

251 1313 371 1388 Decipit
386 1314 444 1372 hac
459 1314 566 1373 oculos
582 1314 691 1388 aegide
706 1315 794 1372 dives
808 1315 913 1372 Amor.

208 1399 399 1472 improvisus
415 1399 506 1470 ades,
530 1397 704 1470 deprendes
719 1403 800 1456 tutus
816 1397 975 1456 ioannem}
1004 1418 1007 1423 ·

250 1481 357 1540 inlelix
372 1479 453 1539 vitiis
469 1481 592 1540 excidet
604 1481 655 1540 illa
670 1482 744 1540 suis.

208 1565 273 1623 Non
290 1573 390 1622 tamen
404 1564 476 1623 huic
490 1563 614 1623 nimium
628 1570 793 1639 praecepto
811 1564 936 1624 credere
950 1570 1046 1624 tutum
1061 1569 1127 1622 este

143 1656 197 1709 350
249 1647 336 1704 Fallit
350 1646 430 1704 enim
444 1647 554 1704 multas
570 1647 668 1727 forma
683 1648 750 1707 sine
765 1654 828 1707 arte
843 1647 968 1708 decens.

207 1732 283 1810 Tum
299 1743 438 1803 quoque,
460 1743 531 1788 cum
546 1730 655 1803 positis
671 1745 727 1789 sua
742 1733 864 1792 collinet
878 1748 933 1791 ora
948 1730 1087 1802 venenis,

249 1813 299 1871 Ad
316 1812 458 1872 dominae
471 1814 606 1872 vultus...
622 1827 680 1872 nec
695 1814 797 1888 pudor
811 1815 944 1877 obstet...
961 1829 1025 1874 eas.

207 1895 343 1973 Pyxidas
359 1896 497 1956 invenies
513 1902 543 1956 et
556 1911 656 1956 rerum
671 1898 752 1956 mille
769 1897 899 1970 colores

24 2017 25 2026 .
249 1979 287 2038 Et
301 1977 396 2039 liuere
411 1979 441 2038 in
456 1979 578 2056 tepidos
595 1996 712 2058 oesypa
729 1982 817 2054 lapsa
832 1978 929 2040 sinus.

24 2061 26 2140 ζ
143 2071 195 2126 355
206 2063 259 2121 llla
274 2069 342 2122 tuas
358 2062 513 2138 redolent,
536 2063 667 2137 Phineu,
688 2063 889 2142 medicamina
903 2079 1045 2124 mensasa

24 2143 26 2148 '
200 2146 202 2150 ’
249 2146 313 2205 Non
331 2149 426 2206 semel
441 2147 513 2208 hinc
528 2147 686 2209 stomacho
702 2163 819 2206 nauseo
833 2148 1009 2214 luctamen.

206 2229 292 2288 Nune
304 2227 357 2288 tibi
368 2245 454 2305 quae
468 2231 570 2297 medio
586 2231 707 2291 veneris
723 2235 914 2306 praestemus
931 2230 961 2290 in
977 2245 1047 2305 usu,

248 2313 391 2387 Eloquar.
414 2327 454 2372 ex
469 2315 550 2373 omni
566 2322 613 2375 est
628 2323 713 2390 parte
728 2313 882 2389 lugendus
897 2331 993 2374 amor.

207 2395 309 2456 Multa
316 2396 439 2470 quidem
454 2413 494 2456 ex
508 2398 567 2457 illis
585 2400 686 2473 pudor
701 2405 748 2458 est
762 2397 834 2457 mihi
850 2398 960 2458 dicere.
983 2396 1040 2456 sed
1053 2403 1090 2456 tu

144 2487 196 2542 360
248 2481 373 2553 Ingenio
388 2479 492 2540 verbis
508 2483 637 2557 concipe
651 2482 740 2556 plura
755 2481 842 2542 meis.
1001 2535 1004 2542 .

206 2563 403 2637 Nuperenim
419 2572 542 2626 nostros
559 2565 682 2641 quidam
698 2581 843 2646 carpsere
860 2563 988 2639 libelloS,

250 2647 383 2720 Quorum
400 2663 529 2708 censura
542 2649 632 2709 Musa
647 2657 791 2724 proterva
805 2663 874 2707 mea
887 2655 943 2707 est.

205 2727 378 2790 Dummodo
393 2733 437 2791 sic
453 2732 605 2807 placeam,
630 2733 701 2793 dum
716 2739 779 2792 toto
795 2739 899 2792 canter
915 2731 945 2788 in
961 2731 1048 2804 orbe,

249 2813 337 2885 Quod
353 2814 452 2888 dolet,·
472 2815 639 2891 inpugnent
652 2832 730 2876 unus
746 2823 776 2890 et
793 2816 869 2876 alter
884 2829 973 2889 opus.

143 2901 192 2956 365
203 2894 359 2969 Ingenium
375 2898 476 2972 magni
490 2900 569 2960 livor
585 2901 732 2961 detractat
744 2899 882 2958 Homeri:

248 2977 391 3053 Quisquis
408 2997 457 3054 es,
481 2999 519 3042 ex
533 2983 601 3054 illo,
623 2980 720 3056 Zoile,
744 2997 855 3042 nomen
872 2981 979 3041 habes.

205 3059 241 3119 Et
254 3067 305 3120 tu'a
319 3065 488 3140 sacrilegae
502 3067 653 3126 laniarunt
668 3067 802 3126 earmina
817 3065 946 3139 linguae,

246 3143 369 3204 Pertulit
383 3147 443 3207 buc
459 3149 557 3210 victos
574 3166 635 3224 quo
651 3151 730 3210 duce
743 3147 834 3208 Troia
848 3149 936 3206 deos.

205 3225 329 3287 Summa
344 3229 418 3302 petit
432 3231 519 3290 livor.
544 3229 837 3306 perflantaltissima
850 3230 947 3287 venti:

141 3315 193 3371 370
247 3309 370 3370 Summa
384 3318 491 3387 petunt
506 3315 613 3374 dextra
629 3315 755 3374 fulmina
769 3313 864 3371 missa
877 3311 974 3385 lovis.

102 3427 103 3436 .
132 3419 135 3424 ·
203 3395 244 3452 At
259 3399 304 3468 tu,
328 3395 512 3472 quicumque
528 3413 576 3470 es,
602 3413 691 3478 quem
707 3403 812 3456 nostra
826 3392 947 3453 licentia
960 3395 1068 3469 laedi,

246 3475 279 3535 Si
290 3479 395 3567 sapis,
421 3479 460 3542 ad
478 3496 622 3542 numeros
637 3483 726 3555 exige
744 3478 877 3556 quidque
893 3493 978 3536 suos,
