2498 4008
113 238 176 305 208
238 267 241 273 ¹
444 233 583 296 ARTIS
609 232 747 294 AMAT.

241 374 394 448 Aeacides
411 387 531 460 dextra,
552 392 677 462 pectore
692 386 803 446 Nestor
818 389 892 457 orat,

202 473 337 544 Quantus
354 477 418 530 erat
433 469 560 530 Calchas
576 470 669 543 extis,
690 467 882 528 Telamonius
899 467 1002 541 armis,

243 555 438 615 Automedon
453 569 557 626 curru,
578 559 678 614 tantus
694 559 810 611 amator
824 566 893 624 ego.

200 639 250 697 Me
265 646 365 698 vatem
379 637 545 712 celebrate,
565 637 637 709 viri,
658 635 730 696 rnihi
746 635 836 694 dicite
850 634 968 707 laudeS,

136 729 190 784 ‘llo
244 720 385 780 Cantetur
398 727 461 780 toto
476 735 587 780 nomen
603 721 634 778 in
650 719 724 779 orbe
738 734 848 778 meum.

114 813 116 818 ’
201 805 295 863 Arma
312 804 383 864 dedi
397 802 497 864 vobis.
520 803 646 862 dederat
662 802 820 861 Vulcanus
835 799 967 859 Achilli:

244 888 364 947 Vincite
379 887 570 960 muneribuS,
594 886 663 944 vicit
678 891 711 944 ul
725 885 788 959 ille,
811 884 900 944 datis.

203 969 265 1029 Sed
282 971 465 1046 quicumque
480 985 548 1028 rneo
564 969 715 1044 superarit
728 971 887 1028 Amazona
902 966 992 1040 serr0,

243 1054 392 1113 Inscribat
407 1049 514 1127 spoliis
534 1053 627 1112 ‘Naso
647 1051 792 1125 magister
806 1053 891 1110 erat’

136 1135 296 1209 ltcEcce,
320 1144 429 1210 rogant
445 1144 583 1210 tenerae,
604 1135 663 1195 sibi
678 1135 748 1194 dem
764 1140 944 1209 praecepta,
966 1131 1099 1208 puellae.

244 1220 310 1280 Vos
326 1221 407 1280 eritis
424 1219 545 1280 chartae
560 1219 700 1292 proxima
715 1234 787 1278 cura
801 1225 899 1276 rneael

221 1573 261 1664 l.
286 1571 404 1665 {Wllll
428 1570 600 1706 NASONIS
625 1570 751 1664 lltlll
774 1567 1028 1670 llllltllllll
1052 1638 1055 1642 -

429 1754 572 1819 licon
606 1753 828 1818 ruallus.
1018 1747 1021 1752 ’

558 1915 700 1924 ......-
882 1886 890 1922 i

202 2022 299 2113 Arma
313 2052 385 2111 dedi
399 2054 513 2112 Danais
529 2053 559 2112 in
573 2054 757 2114 Amazonas.
780 2055 874 2114 Arrna
888 2057 1062 2127 supersunt,

246 2135 330 2209 Quae
345 2136 397 2196 tibi
411 2136 481 2195 dem
496 2143 525 2196 et
540 2144 669 2212 turmae,
692 2135 896 2210 Penthesilea,
916 2144 995 2196 tuae.

202 2221 246 2279 lte
260 2221 291 2278 in
305 2219 386 2279 belle
402 2235 503 2294 pares.
525 2220 661 2296 vincant,
684 2221 795 2294 quibus
811 2219 890 2278 alma
906 2220 1003 2278 Dione
1029 2265 1032 2270 .

244 2303 365 2363 Faverit
380 2310 409 2362 et
423 2309 486 2363 toto
503 2303 554 2378 qui
571 2305 654 2364 volat
668 2303 756 2377 orbe,
779 2318 864 2379 puer.

174 2387 269 2446 §Non
287 2393 351 2445 erat
365 2387 488 2446 armatis
503 2403 634 2462 aequum
649 2403 831 2448 concurrere
846 2386 954 2447 nudas

245 2468 296 2528 Sic
311 2471 401 2528 etiam
416 2470 504 2530 vobis
521 2471 642 2530 vincere
657 2480 758 2546 turpe,
781 2471 847 2529 viri.
891 2538 896 2544 ,

202 2551 319 2610 Dixerit
334 2568 351 2611 e
366 2552 465 2612 moltis
481 2554 694 2629 aliquis‘qoid
708 2555 792 2614 virus
807 2552 838 2612 in
855 2552 962 2627 anguis

127 2682 132 2695 ,
243 2634 366 2710 Adicis,
389 2643 418 2695 et
431 2635 557 2696 rabidae
571 2639 666 2698 tradis
682 2638 762 2698 ovile
776 2639 867 2712 lupae
874 2639 900 2694 θ’

202 2717 318 2778 Parcite
333 2733 498 2794 paucarum
513 2720 683 2781 diffundere
699 2722 811 2780 crimen
827 2722 857 2779 in
873 2735 990 2778 omnes

161 2809 194 2862 10
248 2801 408 2876 Spectetur
421 2804 536 2864 meritis
553 2821 693 2880 quaeque
707 2805 809 2880 puelle
823 2805 898 2864 suis.
929 2871 933 2876 ,

204 2884 235 2944 Si
250 2887 349 2946 minor
360 2887 485 2946 Atrides
499 2887 650 2960 Helenen,
673 2888 868 2961 Helenesque
883 2899 1020 2946 sororem

244 2967 309 3041 Quo
324 2976 442 3042 premat
454 2971 579 3031 Atrides
596 2972 719 3031 erimine
733 2971 829 3030 maior
844 2969 943 3044 habet,

202 3049 234 3108 Si
251 3051 367 3110 scelere
383 3051 523 3113 Oeclides
538 3054 714 3114 Talaioniae
726 3055 890 3130 Eriphyles

151 3205 152 3210 ἵ
242 3133 339 3194 Vivus
355 3141 384 3194 et
398 3135 429 3192 in
445 3135 523 3196 vivis
539 3137 579 3196 ad
594 3138 692 3216 Styga
706 3139 788 3198 venit
803 3137 901 3212 cquis,

159 3225 192 3279 15
203 3216 257 3276 Est
274 3217 325 3291 pia
338 3217 492 3293 Penelope
505 3221 609 3281 lustris
625 3228 743 3281 errante
760 3221 880 3281 duobus

241 3300 279 3359 Et
292 3302 416 3362 totidem
432 3302 534 3363 lustris
548 3304 635 3383 bella,
643 3301 766 3380 gerente
782 3306 858 3364 viro.

199 3383 332 3455 Respice
345 3383 532 3459 Phylaciden
546 3394 576 3447 et
591 3403 669 3462 quae
684 3405 788 3448 comes
803 3389 867 3448 isse
882 3385 989 3447 marito

242 3463 347 3523 Fertur
361 3473 391 3526 et
405 3475 473 3528 ante
489 3485 586 3530 annos
602 3472 785 3532 occubuisse
800 3459 893 3532 suos'
