2498 4008
515 279 576 344 221
591 313 631 326 -*
641 281 712 344 296.

19 485 20 488 ,
188 434 274 494 Nulla
285 439 459 494 recantatas
475 433 631 510 deponent
644 440 770 510 pectora
785 449 885 508 curae,

19 519 20 524 ’
121 528 177 582 260
229 519 292 577 Nec
307 516 402 590 lugiet
414 516 486 576 vivo
502 518 628 593 sulpure
643 519 742 580 victus
759 533 852 577 amor.

19 597 21 620 ²
190 602 267 676 Quid
282 599 486 660 tePhasidiae
502 601 913 676 iuveruntgraminaterrae,

234 683 308 744 Cum
323 699 453 759 cuperes
468 683 581 759 patria,
605 685 724 760 Colchi,
746 701 869 744 manere
884 685 999 743 domet

190 767 268 841 Quid
281 767 334 827 tibi
349 767 542 843 prosuerunt,
563 768 662 842 Circe,
681 768 844 828 Perseidos
859 767 982 843 herbae,

19 925 21 928 Ι
232 851 305 911 Cum
321 867 377 911 sna
390 851 519 911 Neritias
535 851 657 912 abstulit
671 869 746 912 aura
761 859 863 912 retest

19 931 20 934 ’
125 945 178 998 265
191 933 297 994 Omnia
313 934 426 1008 fecisti,
449 950 488 994 ne
503 935 630 996 callidus
646 935 763 1012 hospes
778 935 883 996 abiret.

19 1011 21 1054 t
231 1018 285 1076 llle
300 1017 384 1077 dedit
398 1025 499 1077 certae
513 1019 606 1078 lintea
620 1020 711 1094 plena
725 1022 827 1098 fugae.

191 1098 297 1158 Omnia
311 1100 425 1172 iecisti,
447 1117 486 1160 ne
501 1106 530 1160 te
544 1103 627 1160 ierus
642 1109 743 1162 ureret
757 1103 853 1176 ignis:

218 1183 354 1256 'Longus
369 1189 399 1241 et
412 1184 507 1242 invito
523 1191 648 1258 pectore
665 1184 745 1243 sedit
758 1200 853 1243 amor.

19 1339 21 1352 ‹
188 1267 317 1325 Vertere
330 1272 365 1325 lu
381 1272 504 1341 poteras
519 1265 659 1327 homines
676 1267 707 1325 in
722 1267 803 1326 mille
818 1267 941 1340 figuras,

126 1357 179 1412 ‘270
231 1349 297 1430 Non
313 1356 438 1424 poteras
453 1350 544 1408 animi
560 1355 677 1408 vertere
694 1351 761 1410 iura
774 1351 826 1408 tui.

19 1431 21 1466 ἓ
188 1433 305 1492 Diceris
319 1432 367 1492 his
382 1433 487 1506 etiam,
510 1448 579 1492 cum
596 1434 654 1492 iam
671 1433 832 1492 discedere
848 1434 945 1505 vellet,

19 1563 21 1600 Ι
229 1515 400 1575 Dulichium
414 1516 517 1575 verbis
533 1516 701 1576 detinuisse
717 1516 827 1576 ducem

19 1601 20 1618 ³
107 1641 110 1646 -
190 1599 268 1658 ‘Non
285 1614 359 1672 ego,
383 1599 468 1674 quod
481 1600 602 1672 prime.
617 1600 759 1660 memini.
774 1615 900 1674 sperare
916 1599 1064 1672 solebam,

19 1705 21 1754 t
229 1683 293 1741 lam
307 1696 432 1757 precor,
456 1689 490 1740 ut
504 1681 640 1741 coniunx
653 1688 685 1742 tu
699 1699 786 1744 meus
800 1682 873 1746 esse
890 1683 976 1741 velis.
1063 1677 1066 1696 ⁸

19 1755 21 1824 7
122 1773 173 1828 275
184 1766 221 1825 Et
237 1773 354 1838 tamen,
375 1771 408 1824 ut
424 1765 559 1826 coniunx
574 1779 675 1824 essem
691 1772 756 1837 lua,
780 1766 872 1840 digua
886 1764 1023 1837 videbar,

19 1843 20 1852 ’
232 1848 321 1921 Quod
335 1849 409 1922 dea,
433 1846 518 1924 quod
535 1847 637 1922 magni
653 1847 716 1907 filia
730 1847 812 1907 Solis
828 1865 922 1907 erem.

188 1933 232 1991 Ne
248 1946 413 2006 propereS,
438 1947 503 1990 oro.
527 1932 658 2007 spatium
673 1947 728 2007 pro
744 1945 870 1992 munere
884 1945 993 2006 posco.

231 2015 309 2088 Quid
323 2015 423 2076 minus
440 2017 538 2090 optari
553 2031 608 2091 per
626 2030 695 2074 men
708 2020 781 2074 vota
796 2021 919 2088 potesta

187 2099 225 2159 Et
239 2099 316 2158 frete
328 2105 411 2160 mota
425 2098 531 2172 videS,
553 2105 583 2158 ct
599 2098 694 2160 debes
711 2099 763 2158 illa
776 2099 891 2158 timere.

19 2245 21 2266 ζ
124 2190 175 2244 280
228 2181 337 2242 Utilior
351 2180 429 2241 velis
447 2183 611 2257 posmodo
626 2189 739 2244 ventus¹
752 2182 816 2241 erit.

187 2265 272 2340 Quae
285 2264 340 2326 tibi
355 2280 451 2326 censa
467 2267 578 2340 fugace
599 2283 661 2327 non
675 2265 725 2324 hic
740 2281 822 2326 nova
835 2264 926 2324 Troia
939 2262 1081 2338 resurgit,

229 2349 296 2408 Non
311 2348 422 2423 aliquis
440 2349 544 2410 socios
558 2349 681 2410 Rhesus
696 2350 737 2409 ad
751 2365 835 2410 arma
849 2354 950 2417 vocet.

187 2430 243 2493 llic
261 2448 347 2492 amor
360 2439 391 2493 et
405 2447 467 2508 pax
483 2440 545 2508 est,
566 2434 598 2496 in
614 2450 675 2508 qua
688 2435 767 2492 male
783 2433 928 2492 vulneror
942 2447 1013 2504 una,

229 2517 366 2592 Totaque
381 2515 438 2579 sub
453 2532 548 2592 regno
564 2523 646 2576 terra
659 2517 760 2578 lutura
773 2522 826 2576 luo
841 2519 911 2576 est?

125 2609 175 2664 285
186 2599 241 2658 Illa
258 2599 456 2675 loquebatur,
479 2617 587 2662 navem
603 2600 743 2662 solvebat
757 2601 880 2660 Ulixes:

228 2683 321 2743 Inrita
339 2699 407 2744 cnm
421 2685 498 2744 velis
515 2685 608 2744 verba
621 2685 717 2744 tulere
732 2683 804 2743 noti.

185 2767 295 2841 Ardet,
318 2774 348 2827 et
362 2767 507 2828 adsuetas
523 2768 607 2828 Circe
622 2767 754 2828 decurrit
768 2765 809 2826 ad
822 2772 914 2838 artes,

227 2851 290 2909 Nec
305 2856 405 2909 tamen
420 2859 467 2913 est
482 2851 541 2912 illis
557 2852 738 2912 adtenuatus
754 2865 849 2910 amor.

133 3012 135 3016 ι
186 2933 266 3007 Ergo
282 2934 426 3012 quisquis
440 2949 530 3009 opem
544 2943 649 2998 nostra
663 2934 717 2996 tibi
732 2935 837 3010 poscis
853 2933 892 2992 ab
909 2938 982 3005 arte,
1031 2975 1035 2978 -

122 3007 175 3081 ibo
227 3016 322 3076 Deme
337 3017 497 3078 veneficiis
511 3017 761 3093 carminibusque
775 3017 877 3078 iidem.

188 3099 220 3160 Si
236 3109 266 3160 te
280 3116 375 3160 causa
389 3107 501 3176 potens
519 3102 642 3162 domina
655 3101 796 3164 retinebit
810 3102 840 3160 in
855 3100 946 3173 Urbe,

227 3186 359 3261 Accipe,
380 3184 541 3246 consilium
557 3186 641 3261 quod
655 3185 738 3246 sitin
753 3184 836 3244 Urbe
849 3199 960 3245 meum.

100 3325 105 3336 ,
188 3267 325 3343 Optimus
341 3269 418 3328 illei
441 3268 603 3343 inludere,
626 3269 778 3330 laedentia
793 3274 901 3342 peetus

227 3353 360 3413 Vincula
375 3353 425 3426 qui
441 3352 535 3427 rupit,
558 3353 756 3427 dedoluitque
771 3351 876 3412 semel.

124 3442 174 3496 295
186 3432 271 3494 Sicui
284 3442 400 3496 tantum
418 3436 509 3494 animi
527 3442 588 3508 est,
610 3437 694 3495 illum
708 3435 887 3495 miraboret
900 3434 978 3512 ipse,

227 3517 880 3596 mmmmmfflmm?
