2488 4006
79 254 179 316 XIIII.
198 255 283 314 HYP.
301 254 488 316 110-132.
514 257 580 316 XV.
594 257 697 335 [xvi]
710 251 867 340 PthDIS
881 256 945 318 l-
955 257 1025 322 154.
1048 257 1109 322 tal

174 407 354 466 Iamdudum
368 414 487 482 gratum
502 415 564 480 est,
590 409 675 482 qued
689 409 820 484 epistula
834 417 939 469 nostra
952 419 1075 486 recepta

216 490 308 565 Spem
325 491 410 564 lacit,
434 491 493 550 hoo
508 492 602 568 reeipl
619 508 666 551 me
683 508 806 568 quoque
821 509 916 567 pesse
932 495 1034 555 modo.

129 583 164 635 15
177 574 261 647 Quae
273 579 340 633 rata
357 574 411 646 sit,
434 589 491 633 nee
507 583 537 633 te
555 576 666 636 trustra
680 575 868 651 promiserit,
887 584 973 652 epto,

213 658 280 716 Hoc
297 657 369 716 mihi
386 667 465 732 quae
480 659 591 730 suasit,
614 665 711 718 mater
725 660 863 733 Amans,
885 661 950 718 iter.

171 740 309 816 Namque
324 737 382 816 ego
398 741 504 802 divino
520 743 671 802 monitus
684 759 724 801 ne
739 743 844 802 nescia
859 749 1005 819 pecces...·

213 825 375 896 Advchor,
392 831 429 886 et
443 827 554 899 coepto
565 841 630 886 non
647 829 717 884 leve
731 842 842 886 numen
859 827 956 886 adest.

171 907 310 968 Praemia
323 923 434 982 magna
449 909 587 983 quidem,
610 910 743 969 sednon
760 909 895 980 indebita
911 925 1022 985 poscor

126 999 164 1052 20
214 991 351 1051 Pollicita
365 998 413 1051 est
426 992 558 1052 thalamo
574 999 604 1051 te
619 993 770 1070 Cytherea
785 1009 864 1053 meo.

171 1074 330 1134 Haeduae
346 1073 437 1148 Sigeo
454 1076 564 1137 dubias
582 1091 601 1134 a
616 1076 778 1134 litorcleoi
893 1125 899 1131 .
966 1129 969 1134 .

213 1157 320 1232 Longa
333 1157 499 1217 Phereclea
515 1174 571 1232 per
584 1159 662 1218 treta
676 1173 781 1232 puppe
798 1159 873 1218 vias.

171 1242 226 1301 llla
240 1241 324 1301 dedit
340 1241 445 1299 faciles
461 1255 552 1300 auras
567 1249 740 1316 ventosque
754 1242 909 1300 secundos
918 1262 933 1296 :-

213 1325 248 1384 ln
263 1339 346 1384 mare
360 1325 498 1384 nimirum
516 1325 565 1384 ius
580 1322 673 1384 hahet
686 1331 752 1384 orta
767 1325 852 1387 mari.
881 1351 885 1360 ·

126 1408 304 1482 25Perstct,
327 1415 356 1468 et
369 1415 403 1468 ut
418 1409 534 1484 pelagi,
556 1409 602 1468 sic
615 1408 749 1484 pectoris
766 1408 889 1468 adiuvet
903 1414 1030 1483 aestum,

213 1491 337 1552 Deferat
351 1491 381 1551 ln
396 1498 503 1567 portus
518 1499 548 1552 et
564 1507 633 1552 mea
647 1499 720 1552 vota
736 1507 821 1550 suos.

171 1576 336 1635 Attulimus
351 1574 506 1649 flammas,
529 1592 590 1634 non
606 1576 656 1634 hie
669 1576 841 1636 invenimus
856 1575 935 1635 illas.

213 1659 279 1718 Hae
294 1658 366 1716 mihi
380 1665 441 1717 tam
455 1660 567 1732 longae
581 1674 676 1718 eausa
691 1660 776 1719 luere
790 1660 870 1718 viae.

171 1743 247 1802 Nam
258 1757 359 1817 neque
370 1742 465 1802 tristis
477 1741 611 1816 hiemps,
626 1757 799 1817 nequenos
813 1743 872 1803 huo
885 1742 1002 1818 appulit
1013 1756 1107 1802 error.

128 1836 165 1888 30
218 1826 362 1886 Taenaris
379 1833 426 1885 est
440 1826 533 1885 classi
548 1833 628 1885 terra
643 1827 736 1900 petita
750 1841 847 1884 meae.

172 1909 235 1970 Nec
251 1925 299 1968 me
317 1909 409 1970 crede
424 1911 533 1969 fretum
547 1918 668 1969 meroes.
682 1915 823 1984 portante
838 1911 942 1970 carina
1009 1951 1011 1956 -

214 1991 354 2052 Findere.
377 2008 455 2067 quaa
470 1992 586 2067 habeo,
607 1994 637 2052 di
652 1999 795 2052 tueantur
808 2009 896 2068 opes.
917 1987 921 1995 '

172 2077 235 2136 Neo
251 2077 344 2135 venio
361 2076 468 2136 Graias
486 2075 579 2137 veluti
594 2083 750 2152 spectator
766 2076 806 2135 ad
819 2075 928 2136 urbes:

218 2159 338 2234 Oppida
353 2167 424 2219 sunt
438 2160 524 2234 regni
539 2160 681 2220 divitiora
696 2160 764 2219 mei.

128 2253 164 2306 35
176 2243 217 2303 Te
232 2250 318 2320 peto,
342 2259 432 2318 quam
449 2243 565 2318 pepigit
579 2243 657 2302 leotc
672 2245 779 2302 Venus
794 2255 887 2301 aurea
901 2246 1017 2302 nostro.

215 2325 256 2386 Te
271 2328 356 2402 prius
371 2327 493 2401 optavi,
518 2343 607 2400 quam
624 2325 697 2385 mihi
711 2333 784 2385 nota
799 2326 892 2384 iores.
1004 2362 1007 2368 -

172 2415 252 2469 Ante
265 2417 335 2470 tuos
351 2411 451 2470 animo
467 2411 547 2484 vidi,
571 2425 661 2483 quam
677 2409 803 2480 lumine,
826 2409 944 2467 nullust

129 2504 165 2556 38
217 2494 316 2552 Prima
331 2495 385 2554 luit
399 2496 501 2554 vultus
516 2494 620 2553 nuntia
634 2494 716 2552 lama
729 2493 782 2552 tul.

111 2587 161 2642 143
174 2577 280 2636 Credis
296 2577 398 2638 etheo
412 2578 524 2638 nobis?
546 2577 644 2636 minor
659 2583 706 2635 est
720 2583 772 2634 lua
787 2573 884 2648 gloria
900 2587 982 2647 vero,

215 2661 370 2736 Famaque
383 2661 422 2720 de
437 2661 534 2722 torma
548 2675 648 2735 paene
662 2659 794 2732 maligna
810 2658 873 2716 luit.

111 2753 161 2807 145
172 2745 244 2804 Plus
259 2743 309 2803 hic
324 2745 463 2818 invenio,
487 2761 577 2819 quam
594 2743 678 2819 quod
694 2742 874 2817 promiserat
890 2740 949 2810 illa,

214 2829 252 2888 Et
266 2836 318 2888 lua
334 2828 459 2889 materia
472 2829 569 2902 gloria
584 2828 664 2887 victa
680 2843 738 2886 sua
753 2833 811 2884 est.

173 2912 254 2986 argo
270 2913 345 2971 arsit
361 2912 482 2985 merito,
506 2911 559 2986 qui
574 2916 704 2970 noverat
719 2909 834 2982 omnia,
853 2907 1000 2977 Theseus,

215 2996 252 3054 Et
270 2995 337 3054 visa
352 3012 386 3055 es
401 3001 484 3055 tanto
501 2996 593 3069 digna
606 2995 716 3069 rapina
731 2993 805 3064 viro,
971 2999 974 3004 '

174 3079 261 3138 More
274 3087 347 3139 tuae
360 3073 569 3153 gentis'nitida
587 3079 659 3137 dam
675 3077 758 3136 nuda
773 3077 926 3150 palaestra

114 3173 162 3226 150
215 3163 309 3223 Ludis
326 3169 356 3222 et
369 3179 404 3222 es
419 3163 510 3222 nudis
525 3163 637 3230 lomina
654 3161 747 3218 mixta
762 3158 845 3218 viris.

138 3255 141 3262 '
175 3246 264 3320 Quod
278 3247 393 3320 rapuit,
415 3247 517 3306 laudo.
540 3245 649 3318 mir'or,
670 3240 902 3318 quod'reddidit
917 3253 1069 3312 umquam.
1172 3279 1174 3284 .

218 3331 289 3389 Tam
305 3330 387 3392 hona
402 3335 577 3390 constanter
593 3329 709 3403 praeda
724 3324 857 3385 tenenda
872 3322 934 3380 luit.

174 3415 255 3472 Ante
269 3415 452 3473 recessisset
468 3421 559 3488 caput
575 3413 634 3470 hoc
651 3411 770 3468 cervice
785 3411 919 3477 cruenta,

219 3497 314 3570 Quam
330 3505 361 3558 tu
376 3499 415 3557 de
429 3498 569 3557 thalamis
585 3493 797 3554 abstraherere
811 3487 896 3548 meis.
934 3554 942 3567 ,
