2488 4006
117 223 178 290 148
486 219 759 286 EPISTULAE.

240 375 363 434 Pallade
380 373 438 432 iam
456 373 559 447 pingui
574 372 710 446 tinguere
724 371 859 432 membra
875 378 964 446 putes
972 375 998 432 τ’

157 467 190 521 45
201 458 316 518 Adnuit
330 458 381 516 iiia
397 457 469 515 iere.
492 471 554 517 uon
570 463 676 516 nostra
691 456 774 529 quod
790 456 897 514 oscula
912 465 1004 530 curet,

242 540 303 600 Sed
318 546 422 600 movet
436 540 590 613 obrepens
606 553 733 599 somnus
749 540 829 597 anile
845 546 947 612 eaput.

197 624 333 699 Postque
344 639 447 684 morae
460 623 615 682 minimum
631 623 701 680 ‘iam
719 629 800 682 certe
815 622 966 696 navigate
986 623 1116 698 inquam

240 707 409 782 ‘Lentaque
423 707 550 766 dimotis·
561 704 686 786 brachia
700 705 791 765 iactat
805 707 917 778 aquis?
1024 783 1026 787 ,

197 791 360 864 Paucaque
375 806 444 850 cum
457 795 538 848 tacta
553 789 667 861 perfeci
685 789 813 848 stamina
829 791 897 863 tela,

155 884 190 936 50
241 879 290 934 An
304 875 405 933 medio
419 873 546 946 possis,
571 872 760 946 quaerimus,
784 887 855 930 esse
869 873 955 931 freto.

195 958 233 1016 Et
247 958 339 1017 modo
356 956 575 1031 prospicimuS‚
599 955 703 1014 timida
719 955 811 1016 modo
827 970 905 1014 voce
921 970 1090 1030 precamur,

237 1041 277 1100 Ut
290 1039 343 1099 tibi
359 1041 410 1099 det
424 1039 530 1098 faciles
545 1038 625 1097 utilis
639 1055 712 1098 aura
727 1037 806 1096 vias.

196 1123 329 1183 Auribus
346 1123 468 1182 incertis
483 1136 578 1182 voces
595 1129 767 1195 captamus,
790 1127 820 1180 et
835 1137 953 1181 onmem

237 1207 398 1266 Adventus
413 1206 571 1280 strepitum
589 1205 742 1277 credimus
758 1221 830 1264 esse
843 1205 895 1264 tui.

154 1299 188 1352 55
201 1288 251 1350 Sic
266 1290 317 1349 ubi
333 1292 481 1364 deceptae
499 1305 571 1363 pars
588 1295 634 1346 est
649 1289 720 1347 mihi
735 1290 866 1348 maxima
880 1291 978 1348 noetis

230 1376 330 1446 Acta,
355 1372 435 1433 subit
450 1373 549 1432 furtim
566 1373 679 1430 lumina
693 1373 777 1432 fessa
793 1388 898 1446 sopor.

194 1456 334 1516 Forsitan
350 1457 478 1526 invitus,
501 1469 619 1514 mecum
634 1462 752 1529 tamen,
772 1455 924 1529 improbe,
948 1455 1063 1514 dormis
1072 1477 1082 1522 ι,

236 1539 287 1612 Et,
311 1554 494 1614 quamquam
509 1554 569 1598 non
585 1539 632 1596 vis
647 1539 715 1613 ipse
730 1540 852 1612 venire,
876 1539 973 1618 venis

194 1623 270 1681 Nam
285 1623 377 1681 modo
392 1631 421 1692 te
437 1621 545 1681 videor
562 1637 658 1695 prope
676 1623 734 1681 iam
752 1631 892 1696 spectare
908 1628 1070 1693 natantem,

153 1715 188 1768 60
239 1704 370 1764 Brachia
383 1720 464 1766 nunc
478 1704 591 1764 umeris
608 1705 712 1764 unrida
729 1705 809 1764 serre
823 1705 915 1764 meis:

194 1789 279 1848 Nunc
294 1789 383 1864 dare,
407 1803 486 1863 quae
501 1790 604 1861 soleo,
628 1788 758 1848 madidis
775 1789 926 1848 velamina
944 1788 1097 1861 membris,

235 1871 362 1933 Pectora
376 1887 456 1930 nune
474 1879 579 1932 nostro
598 1872 701 1933 iuncta
716 1872 823 1932 tovere
838 1873 916 1944 sinu,

194 1954 349 2028 Multaque
364 1962 523 2028 praeterea
537 1955 658 2028 linguae
673 1955 829 2014 reticenda
843 1955 1011 2029 modestae,

237 2038 321 2111 Quae
336 2037 450 2097 iecisse
464 2036 561 2110 iuvat,
584 2039 663 2098 iactu
677 2039 791 2097 referre
805 2039 907 2119 pudet.

152 2131 186 2185 65
197 2120 247 2180 Me
261 2122 417 2182 miseram!
441 2120 544 2180 brevis
561 2128 608 2180 est
622 2121 699 2182 haec
714 2128 744 2180 et
759 2138 821 2182 non
836 2137 911 2180 vere
924 2122 1078 2196 voluptas.

235 2205 311 2263 Nam
327 2211 357 2264 tu
374 2220 442 2264 oum
456 2220 565 2265 somno
582 2220 704 2280 semper
718 2204 802 2264 abire
818 2206 912 2264 soles.

192 2287 321 2348 Firmius
338 2303 356 2347 0
372 2286 474 2361 cupidi
490 2288 612 2347 tandem
627 2303 771 2350 coeamus
787 2297 933 2363 amantes,

234 2371 297 2429 Nee
313 2377 437 2430 careant
452 2386 525 2430 vera
539 2371 650 2445 gaudia
667 2378 772 2432 nostra
786 2371 858 2430 fide.

194 2454 252 2514 Cur
267 2460 386 2527 egotot
399 2454 511 2514 viduas
529 2454 617 2528 exegi
632 2455 743 2529 frigida
759 2461 888 2514 noctes?

152 2543 186 2600 70
240 2537 298 2596 Cur
314 2539 425 2597 totiens
444 2553 540 2611 ame,
563 2540 643 2598 lente
661 2544 795 2611 natator,
818 2537 914 2596 abest

191 2619 247 2678 Est
261 2615 360 2694 mare,
385 2620 547 2696 confiteor,
570 2621 706 2682 nondum
719 2621 880 2682 'tractabile
894 2620 987 2679 nanti.

234 2703 329 2763 Nocte
344 2705 401 2764 sed
417 2704 562 2766 hesterna
575 2706 674 2764 lenior
687 2721 761 2764 aura
778 2705 842 2764 suit.

194 2785 253 2845 Cur
269 2793 307 2846 e'a
323 2783 486 2864 praeterita
502 2795 570 2848 estr
590 2804 645 2850 cur
658 2804 720 2848 non
735 2796 863 2848 ventura
877 2789 1030 2848 timebas?

232 2871 307 2931 Tam
321 2871 404 2932 bona
419 2887 473 2932 cur
488 2872 591 2947 periit,
612 2888 670 2932 nec
686 2872 739 2932 tibi
754 2879 842 2946 rapta
857 2873 906 2930 via
920 2878 988 2932 est?

151 2960 184 3018 15
194 2951 335 3014 Protinus
348 2962 381 3015 ut
396 2953 503 3014 similis
519 2956 607 3014 detur
621 2955 673 3016 tibi
690 2955 780 3030 copia
793 2959 911 3029 cursus,

233 3036 300 3097 Hoc
315 3038 423 3096 melior
436 3045 532 3110 certe,
546 3055 617 3114 ,quo
633 3039 731 3114 prior,
753 3039 805 3097 iiia
822 3039 885 3098 suit.

191 3121 231 3202 At
249 3121 308 3181 cito
324 3127 436 3182 mutata
451 3128 498 3182 est
515 3122 616 3182 iactati
631 3124 729 3182 torma
744 3122 896 3198 profundi.

233 3203 397 3279 Tempore,
419 3220 488 3264 cum
503 3221 667 3280 properas,
690 3222 786 3281 saepe
799 3206 916 3266 minore
931 3205 1030 3266 venis.

190 3285 260 3358 Hie,
283 3293 373 3360 puto,
396 3288 569 3362 deprensus
583 3290 623 3349 nii
641 3291 725 3362 quod
742 3289 913 3364 querereris
929 3289 1072 3359 haberes

148 3375 184 3429 80
220 3367 347 3442 ,Meque
362 3371 415 3430 tibi
432 3372 574 3446 amplexo
590 3373 674 3432 nulia
688 3372 813 3433 noceret
827 3373 958 3448 hiemps.

192 3447 278 3510 certe
292 3466 350 3526 ego
366 3458 428 3512 tum
442 3462 553 3516 ventos
568 3457 702 3516 audirem
718 3458 800 3517 lenta
815 3457 962 3532 sonantis
