2498 4008
251 957 334 1014 Anno
348 937 520 1016 MDCCCLV
535 972 597 1010 cum
616 957 739 1014 nuntiata
755 965 830 1014 esset
847 963 1041 1033 opportunitas
1064 963 1153 1016 corrI·
1231 937 1232 990 i

167 1041 254 1112 gendi
269 1033 365 1114 siquid
382 1031 410 1098 ir'r
426 1041 569 1097 volumine
588 1039 761 1112 displiceret,
783 1043 852 1098 nihil
867 1047 896 1100 iu
910 1046 1084 1118 marginibus
1101 1045 1152 1100 ad·
1231 1055 1232 1136 i

167 1131 290 1181 notatum
311 1133 370 1182 erat
387 1133 583 1200 praeterquam
599 1125 634 1180 de
656 1126 794 1198 scriptura
808 1127 931 1202 Poetipn.
956 1131 1057 1185 iniuria
1082 1147 1151 1200 neg·
1231 1143 1232 1196 t

167 1208 253 1279 Iecta,
273 1215 386 1281 praeter
408 1211 596 1266 coniecturam
616 1212 647 1264 in‘
665 1227 709 1282 ep.
728 1209 802 1266 VIIII
818 1217 888 1272 133.
903 1253 910 1268 .
924 1253 930 1267 .
942 1215 1024 1289 Aonii
1033 1214 1151 1270 Alcidae
1231 1243 1232 1252 κ

167 1307 203 1348 ex
220 1297 284 1348 met.
300 1293 375 1350 VIIII
390 1299 455 1362 112,
474 1298 501 1347 et
518 1293 671 1362 scripturas
695 1293 766 1347 duas
787 1291 893 1350 codicis
908 1293 1007 1360 Gueii.,
1025 1311 1070 1364 ep.
1090 1295 1145 1349 XV
1231 1323 1232 1348 1

166 1379 219 1437 323
234 1390 269 1435 ne
289 1382 319 1432 tu
339 1377 449 1434 videare
465 1378 492 1432 et
505 1373 570 1430 XVI
587 1379 638 1434 109
660 1374 694 1432 Ut
706 1392 783 1432 nunc
805 1385 938 1450 optarem.
982 1376 1025 1432 Ea
1041 1383 1072 1432 ui
1088 1381 1147 1434 suIs

166 1459 236 1516 Iocis
257 1459 453 1518 exhiberentur
469 1463 496 1514 et
512 1459 540 1516 in
555 1459 728 1530 praefatione
749 1461 937 1516 iudicarentur
953 1459 1067 1518 deciens
1083 1462 1165 1531 ope-'

166 1545 205 1601 ris
230 1545 413 1602 laborandum
435 1540 495 1600 'erat
523 1559 556 1598 ac
576 1543 732 1600 verendum
754 1551 784 1600 ut
807 1547 909 1601 rectius
931 1561 978 1601 res
1006 1551 1150 1616 gereretur

166 1645 250 1701 quani
271 1631 373 1686 Iactum
391 1631 421 1686 in
441 1627 583 1686 volumine
607 1629 748 1696 secundo,
770 1628 845 1700 quod
868 1645 932 1686 cunr
954 1645 1027 1686 anno
1043 1629 1089 1683 LII
1105 1645 1149 1682 re·
1231 1627 1232 1650 i

166 1719 313 1770 tractatum
334 1713 484 1788 prodierit,
506 1711 592 1770 video
615 1729 711 1769 eorum
732 1730 803 1786 quae
824 1713 1019 1770 indicaveram
1035 1713 1090 1768 elia
1111 1713 1150 1766 in·
1231 1715 1232 1792 ἐ

167 1815 253 1870 super
269 1797 374 1867 habita,
389 1797 452 1856 VIII
465 1802 526 1863 121,
544 1800 597 1856 283
611 1795 686 1852 VIIII
696 1799 749 1858 iao
761 1797 825 1854 XIII
839 1800 902 1866 407,
915 1799 972 1854 alia
987 1797 1149 1869 depravata,
1231 1795 1232 1870 i

167 1884 244 1938 velut
261 1881 314 1938 XV
328 1887 389 1952 364,
406 1883 453 1939 ubi
475 1881 582 1938 seilicet
595 1878 686 1938 Dcooe
707 1882 822 1940 daturus
843 1898 931 1938 eram.
967 1881 1067 1936 eadem
1080 1887 1151 1936 suut

166 1967 195 2022 In
206 1966 328 2023 editione
345 1967 409 2022 anni
424 1967 491 2023 LIII.
516 1966 614 2039 quuae
635 1967 737 2024 suerint
750 1973 815 2040 post
835 1983 939 2022 annum
948 1965 1028 2034 LIIII,
1041 1967 1152 2020 inerunt
1231 2025 1232 2030 η

167 2051 306 2124 eliquanto
315 2051 496 2124 pluraetiarn‚
509 2067 581 2124 quae
597 2051 658 2122 quis
669 2067 704 2106 ex
715 2052 831 2108 aliorum
843 2052 1007 2108 arrctorItate
1018 2041 1154 2104 mutanda

168 2137 254 2194 Iuisse
269 2137 352 2192 facile
366 2137 511 2210 inieIIIgat.
553 2135 712 2192 Voluminis
728 2137 798 2192 tertii
815 2153 889 2192 anno
904 2135 972 2203 LIII,
989 2136 1013 2190 si
1027 2133 1152 2202 memini,

167 2222 306 2295 recogniti
328 2224 487 2294 exemplum
513 2236 569 2276 non
593 2219 662 2278 vidi.
706 2219 888 2278 Mareoticum
908 2221 952 2276 bis
977 2217 1063 2274 habet
1085 2215 1152 2272 cod.
1231 2249 1232 2282 3

166 2303 320 2378 Hamburg.
340 2323 370 2378 p.
388 2312 454 2378 136,
476 2303 528 2362 sed
542 2321 569 2377 p.
586 2309 639 2365 129
656 2312 732 2364 cerie
749 2305 810 2362 tibet
830 2307 859 2360 in
880 2296 957 2362 mero
976 2305 1079 2360 menies
1097 2302 1154 2359 rai-

167 2389 230 2446 Iine.
267 2392 390 2462 yenetivc
408 2407 437 2464 p.
454 2393 505 2451 107
520 2405 555 2444 ne
571 2390 741 2460 requiratur,
764 2389 911 2446 sciendum
928 2391 1028 2446 librum
1045 2389 1074 2443 in
1091 2386 1155 2442 eius
1231 2411 1232 2418 ἒ

167 2475 306 2546 epistulae
323 2491 437 2531 versum
453 2478 486 2534 67
503 2473 643 2530 desinere.
686 2499 688 2503 ·
