<?xml version="1.0" encoding="UTF-8"?>
<!DOCTYPE html PUBLIC "-//W3C//DTD XHTML 1.0 Transitional//EN"
    "http://www.w3.org/TR/xhtml1/DTD/xhtml1-transitional.dtd">
<html xmlns="http://www.w3.org/1999/xhtml" xml:lang="en" lang="en">
 <head>
  <title>
</title>
<meta http-equiv="Content-Type" content="text/html;charset=utf-8" />
  <meta name='ocr-system' content='tesseract 3.04.00' />
  <meta name='ocr-capabilities' content='ocr_page ocr_carea ocr_par ocr_line ocrx_word'/>
</head>
<body>
  <div class='ocr_page' id='page_1' title='image "./povidiusnaso02merkgoog_0252.png"; bbox 0 0 2498 4008; ppageno 0'>
   <div class='ocr_carea' id='block_1_1' title="bbox 285 358 718 434">
    <p class='ocr_par' dir='ltr' id='par_1_1' title="bbox 285 358 718 434">
     <span class='ocr_line' id='line_1_1' title="bbox 285 358 718 434; baseline 0 -14"><span class='ocrx_word' id='word_1_1' title='bbox 285 402 290 407; x_wconf 90' lang='lat'><em>-</em></span> <span class='ocrx_word' id='word_1_2' title='bbox 359 383 361 387; x_wconf 66' lang='grc'>’</span> <span class='ocrx_word' id='word_1_3' title='bbox 414 403 415 406; x_wconf 23' lang='lat'>¹</span> <span class='ocrx_word' id='word_1_4' title='bbox 441 361 497 434; x_wconf 88' lang='lat' dir='ltr'>ltt,</span> <span class='ocrx_word' id='word_1_5' title='bbox 519 358 718 422; x_wconf 13' lang='lat' dir='ltr'>cot-740¹.</span> 
     </span>
    </p>
   </div>
   <div class='ocr_carea' id='block_1_2' title="bbox 18 512 1067 3742">
    <p class='ocr_par' dir='ltr' id='par_1_2' title="bbox 18 512 1067 3742">
     <span class='ocr_line' id='line_1_2' title="bbox 153 512 903 586; baseline 0.001 -15"><span class='ocrx_word' id='word_1_6' title='bbox 153 513 274 586; x_wconf 85' lang='lat' dir='ltr'>Palluit,</span> <span class='ocrx_word' id='word_1_7' title='bbox 297 519 329 570; x_wconf 96' lang='lat' dir='ltr'>ut</span> <span class='ocrx_word' id='word_1_8' title='bbox 343 524 431 571; x_wconf 89' lang='lat' dir='ltr'>serae</span> <span class='ocrx_word' id='word_1_9' title='bbox 445 512 532 570; x_wconf 87' lang='lat' dir='ltr'>lectis</span> <span class='ocrx_word' id='word_1_10' title='bbox 549 512 588 571; x_wconf 90' lang='lat' dir='ltr'>de</span> <span class='ocrx_word' id='word_1_11' title='bbox 605 512 667 570; x_wconf 87' lang='lat' dir='ltr'>vile</span> <span class='ocrx_word' id='word_1_12' title='bbox 680 513 810 572; x_wconf 83' lang='lat' dir='ltr'><strong>racemis</strong></span> <span class='ocrx_word' id='word_1_13' title='bbox 898 541 903 548; x_wconf 92' lang='lat'><strong>·</strong></span> 
     </span>
     <span class='ocr_line' id='line_1_3' title="bbox 193 595 1039 676; baseline 0.005 -22"><span class='ocrx_word' id='word_1_14' title='bbox 193 597 367 674; x_wconf 74' lang='lat' dir='ltr'>Pallescunt</span> <span class='ocrx_word' id='word_1_15' title='bbox 381 595 522 668; x_wconf 84' lang='lat' dir='ltr'>incudes,</span> <span class='ocrx_word' id='word_1_16' title='bbox 546 611 622 670; x_wconf 89' lang='lat' dir='ltr'>quas</span> <span class='ocrx_word' id='word_1_17' title='bbox 637 611 719 656; x_wconf 88' lang='lat' dir='ltr'>nova</span> <span class='ocrx_word' id='word_1_18' title='bbox 732 597 821 656; x_wconf 90' lang='lat' dir='ltr'>laesit</span> <span class='ocrx_word' id='word_1_19' title='bbox 834 595 963 673; x_wconf 86' lang='lat' dir='ltr'><strong>hiemps,</strong></span> <span class='ocrx_word' id='word_1_20' title='bbox 1034 669 1039 676; x_wconf 21' lang='grc' dir='ltr'>ἱ</span> 
     </span>
     <span class='ocr_line' id='line_1_4' title="bbox 88 680 931 755; baseline -0.004 -12"><span class='ocrx_word' id='word_1_21' title='bbox 88 688 138 742; x_wconf 81' lang='lat'>705</span> <span class='ocrx_word' id='word_1_22' title='bbox 150 681 296 754; x_wconf 79' lang='lat' dir='ltr'>Quaeque</span> <span class='ocrx_word' id='word_1_23' title='bbox 311 695 386 738; x_wconf 92' lang='lat' dir='ltr'>suos</span> <span class='ocrx_word' id='word_1_24' title='bbox 402 685 527 737; x_wconf 78' lang='lat' dir='ltr'><strong>curvant</strong></span> <span class='ocrx_word' id='word_1_25' title='bbox 540 686 657 739; x_wconf 90' lang='lat' dir='ltr'>matura</span> <span class='ocrx_word' id='word_1_26' title='bbox 671 680 805 755; x_wconf 86' lang='lat' dir='ltr'>cydonia</span> <span class='ocrx_word' id='word_1_27' title='bbox 819 696 931 753; x_wconf 90' lang='lat' dir='ltr'>ramos,</span> 
     </span>
     <span class='ocr_line' id='line_1_5' title="bbox 195 760 958 838; baseline 0 -16"><span class='ocrx_word' id='word_1_28' title='bbox 195 763 357 838; x_wconf 81' lang='lat' dir='ltr'>Cornaque</span> <span class='ocrx_word' id='word_1_29' title='bbox 371 762 471 821; x_wconf 89' lang='lat' dir='ltr'>adhuc</span> <span class='ocrx_word' id='word_1_30' title='bbox 487 760 600 822; x_wconf 88' lang='lat' dir='ltr'>nostris</span> <span class='ocrx_word' id='word_1_31' title='bbox 616 776 678 821; x_wconf 94' lang='lat' dir='ltr'>non</span> <span class='ocrx_word' id='word_1_32' title='bbox 693 763 767 823; x_wconf 88' lang='lat' dir='ltr'>satis</span> <span class='ocrx_word' id='word_1_33' title='bbox 782 769 853 837; x_wconf 87' lang='lat' dir='ltr'>apta</span> <span class='ocrx_word' id='word_1_34' title='bbox 872 764 958 824; x_wconf 86' lang='lat' dir='ltr'>cibis.</span> 
     </span>
     <span class='ocr_line' id='line_1_6' title="bbox 151 845 866 918; baseline 0 -12"><span class='ocrx_word' id='word_1_35' title='bbox 151 847 191 906; x_wconf 88' lang='lat' dir='ltr'>Ut</span> <span class='ocrx_word' id='word_1_36' title='bbox 203 847 294 907; x_wconf 90' lang='lat' dir='ltr'>rediit</span> <span class='ocrx_word' id='word_1_37' title='bbox 307 845 441 918; x_wconf 89' lang='lat' dir='ltr'>animus,</span> <span class='ocrx_word' id='word_1_38' title='bbox 464 852 571 905; x_wconf 89' lang='lat' dir='ltr'>tenues</span> <span class='ocrx_word' id='word_1_39' title='bbox 589 861 608 904; x_wconf 89' lang='lat' dir='ltr'>a</span> <span class='ocrx_word' id='word_1_40' title='bbox 622 851 747 918; x_wconf 85' lang='lat' dir='ltr'>pectore</span> <span class='ocrx_word' id='word_1_41' title='bbox 761 853 866 908; x_wconf 86' lang='lat' dir='ltr'>vestes</span> 
     </span>
     <span class='ocr_line' id='line_1_7' title="bbox 193 929 907 1004; baseline -0.003 -14"><span class='ocrx_word' id='word_1_42' title='bbox 193 930 330 1004; x_wconf 83' lang='lat' dir='ltr'>Rumpit,</span> <span class='ocrx_word' id='word_1_43' title='bbox 354 937 384 988; x_wconf 87' lang='lat' dir='ltr'>ct</span> <span class='ocrx_word' id='word_1_44' title='bbox 398 929 538 1002; x_wconf 81' lang='lat' dir='ltr'>indignas</span> <span class='ocrx_word' id='word_1_45' title='bbox 555 929 672 988; x_wconf 79' lang='lat' dir='ltr'>sauciat</span> <span class='ocrx_word' id='word_1_46' title='bbox 687 945 788 1002; x_wconf 78' lang='lat' dir='ltr'>ungue</span> <span class='ocrx_word' id='word_1_47' title='bbox 802 945 907 1004; x_wconf 84' lang='lat' dir='ltr'>genas.</span> 
     </span>
     <span class='ocr_line' id='line_1_8' title="bbox 150 1011 963 1094; baseline 0.002 -22"><span class='ocrx_word' id='word_1_48' title='bbox 150 1013 213 1094; x_wconf 86' lang='lat' dir='ltr'>Nec</span> <span class='ocrx_word' id='word_1_49' title='bbox 227 1030 327 1088; x_wconf 87' lang='lat' dir='ltr'>mora,</span> <span class='ocrx_word' id='word_1_50' title='bbox 347 1028 403 1088; x_wconf 90' lang='lat' dir='ltr'>per</span> <span class='ocrx_word' id='word_1_51' title='bbox 417 1011 534 1072; x_wconf 88' lang='lat' dir='ltr'>medias</span> <span class='ocrx_word' id='word_1_52' title='bbox 550 1012 652 1086; x_wconf 85' lang='lat' dir='ltr'>passis</span> <span class='ocrx_word' id='word_1_53' title='bbox 668 1012 831 1074; x_wconf 82' lang='lat' dir='ltr'>furibunda</span> <span class='ocrx_word' id='word_1_54' title='bbox 845 1014 963 1090; x_wconf 81' lang='lat' dir='ltr'>capillis</span> 
     </span>
     <span class='ocr_line' id='line_1_9' title="bbox 18 1095 876 1174; baseline -0.003 -15"><span class='ocrx_word' id='word_1_55' title='bbox 18 1169 20 1174; x_wconf 43' lang='grc'>,</span> <span class='ocrx_word' id='word_1_56' title='bbox 86 1105 137 1159; x_wconf 84' lang='grc'>710</span> <span class='ocrx_word' id='word_1_57' title='bbox 189 1098 311 1170; x_wconf 87' lang='lat' dir='ltr'>Evolat,</span> <span class='ocrx_word' id='word_1_58' title='bbox 334 1103 367 1154; x_wconf 91' lang='lat' dir='ltr'>ut</span> <span class='ocrx_word' id='word_1_59' title='bbox 380 1096 488 1173; x_wconf 84' lang='lat' dir='ltr'>thyrso</span> <span class='ocrx_word' id='word_1_60' title='bbox 505 1095 623 1154; x_wconf 82' lang='lat' dir='ltr'>concita</span> <span class='ocrx_word' id='word_1_61' title='bbox 637 1095 774 1168; x_wconf 87' lang='lat' dir='ltr'>Baccha,</span> <span class='ocrx_word' id='word_1_62' title='bbox 798 1098 876 1156; x_wconf 88' lang='lat' dir='ltr'>vias.</span> 
     </span>
     <span class='ocr_line' id='line_1_10' title="bbox 149 1178 986 1254; baseline 0.002 -16"><span class='ocrx_word' id='word_1_63' title='bbox 149 1181 189 1239; x_wconf 92' lang='lat' dir='ltr'>Ut</span> <span class='ocrx_word' id='word_1_64' title='bbox 202 1196 300 1254; x_wconf 93' lang='lat' dir='ltr'>prope</span> <span class='ocrx_word' id='word_1_65' title='bbox 316 1186 510 1252; x_wconf 91' lang='lat' dir='ltr'>perventum,</span> <span class='ocrx_word' id='word_1_66' title='bbox 534 1179 660 1236; x_wconf 86' lang='lat' dir='ltr'>comites</span> <span class='ocrx_word' id='word_1_67' title='bbox 676 1178 705 1235; x_wconf 89' lang='lat' dir='ltr'>in</span> <span class='ocrx_word' id='word_1_68' title='bbox 723 1180 802 1238; x_wconf 93' lang='lat' dir='ltr'>valle</span> <span class='ocrx_word' id='word_1_69' title='bbox 815 1180 966 1254; x_wconf 83' lang='lat' dir='ltr'>relinquit,</span> <span class='ocrx_word' id='word_1_70' title='bbox 983 1248 986 1253; x_wconf 89' lang='lat'><em>.</em></span> 
     </span>
     <span class='ocr_line' id='line_1_11' title="bbox 192 1261 865 1336; baseline -0.003 -16"><span class='ocrx_word' id='word_1_71' title='bbox 192 1262 265 1336; x_wconf 88' lang='lat' dir='ltr'>ipsa</span> <span class='ocrx_word' id='word_1_72' title='bbox 280 1274 387 1320; x_wconf 88' lang='lat' dir='ltr'>nemus</span> <span class='ocrx_word' id='word_1_73' title='bbox 401 1261 493 1321; x_wconf 90' lang='lat' dir='ltr'>tacito</span> <span class='ocrx_word' id='word_1_74' title='bbox 509 1261 586 1318; x_wconf 88' lang='lat' dir='ltr'>clam</span> <span class='ocrx_word' id='word_1_75' title='bbox 602 1261 681 1334; x_wconf 89' lang='lat' dir='ltr'>pede</span> <span class='ocrx_word' id='word_1_76' title='bbox 698 1261 785 1320; x_wconf 81' lang='lat' dir='ltr'>sortis</span> <span class='ocrx_word' id='word_1_77' title='bbox 802 1263 865 1322; x_wconf 89' lang='lat' dir='ltr'>init.</span> 
     </span>
     <span class='ocr_line' id='line_1_12' title="bbox 151 1343 987 1422; baseline 0.002 -18"><span class='ocrx_word' id='word_1_78' title='bbox 151 1345 229 1418; x_wconf 84' lang='lat' dir='ltr'>Quid</span> <span class='ocrx_word' id='word_1_79' title='bbox 242 1344 295 1405; x_wconf 85' lang='lat' dir='ltr'>tihi</span> <span class='ocrx_word' id='word_1_80' title='bbox 312 1343 421 1404; x_wconf 89' lang='lat' dir='ltr'>mentis</span> <span class='ocrx_word' id='word_1_81' title='bbox 436 1349 515 1415; x_wconf 87' lang='lat' dir='ltr'>erat,</span> <span class='ocrx_word' id='word_1_82' title='bbox 539 1359 608 1422; x_wconf 88' lang='lat' dir='ltr'>cum</span> <span class='ocrx_word' id='word_1_83' title='bbox 623 1343 668 1402; x_wconf 92' lang='lat' dir='ltr'>sic</span> <span class='ocrx_word' id='word_1_84' title='bbox 683 1345 762 1402; x_wconf 89' lang='lat' dir='ltr'>male</span> <span class='ocrx_word' id='word_1_85' title='bbox 777 1360 853 1404; x_wconf 87' lang='lat' dir='ltr'>sana</span> <span class='ocrx_word' id='word_1_86' title='bbox 866 1347 987 1418; x_wconf 89' lang='lat' dir='ltr'>lateres,</span> 
     </span>
     <span class='ocr_line' id='line_1_13' title="bbox 192 1427 960 1503; baseline 0 -17"><span class='ocrx_word' id='word_1_87' title='bbox 192 1428 316 1488; x_wconf 69' lang='lat' dir='ltr'>Procri?</span> <span class='ocrx_word' id='word_1_88' title='bbox 338 1429 406 1503; x_wconf 92' lang='lat' dir='ltr'>quis</span> <span class='ocrx_word' id='word_1_89' title='bbox 422 1427 548 1487; x_wconf 85' lang='lat' dir='ltr'>adtoniti</span> <span class='ocrx_word' id='word_1_90' title='bbox 563 1428 697 1502; x_wconf 90' lang='lat' dir='ltr'>pectoris</span> <span class='ocrx_word' id='word_1_91' title='bbox 715 1427 808 1488; x_wconf 90' lang='lat' dir='ltr'>ardor</span> <span class='ocrx_word' id='word_1_92' title='bbox 823 1435 907 1487; x_wconf 80' lang='lat' dir='ltr'>eratt</span> <span class='ocrx_word' id='word_1_93' title='bbox 954 1461 960 1494; x_wconf 91' lang='grc'>-,</span> 
     </span>
     <span class='ocr_line' id='line_1_14' title="bbox 18 1512 1045 1590; baseline 0 -17"><span class='ocrx_word' id='word_1_94' title='bbox 18 1513 20 1588; x_wconf 70' lang='grc' dir='ltr'><strong>ὲ</strong></span> <span class='ocrx_word' id='word_1_95' title='bbox 85 1513 212 1573; x_wconf 74' lang='lat' dir='ltr'>titiam</span> <span class='ocrx_word' id='word_1_96' title='bbox 227 1512 285 1590; x_wconf 91' lang='lat' dir='ltr'>iam</span> <span class='ocrx_word' id='word_1_97' title='bbox 300 1520 472 1582; x_wconf 89' lang='lat' dir='ltr'>venturam,</span> <span class='ocrx_word' id='word_1_98' title='bbox 496 1527 708 1586; x_wconf 87' lang='lat' dir='ltr'>quaecumque</span> <span class='ocrx_word' id='word_1_99' title='bbox 723 1519 788 1574; x_wconf 89' lang='lat' dir='ltr'>erat</span> <span class='ocrx_word' id='word_1_100' title='bbox 800 1513 898 1586; x_wconf 88' lang='lat' dir='ltr'>Aura,</span> <span class='ocrx_word' id='word_1_101' title='bbox 916 1513 1045 1588; x_wconf 90' lang='lat' dir='ltr'>putabas</span> 
     </span>
     <span class='ocr_line' id='line_1_15' title="bbox 18 1593 911 1669; baseline -0.003 -14"><span class='ocrx_word' id='word_1_102' title='bbox 18 1595 20 1630; x_wconf 63' lang='lat' dir='ltr'>l</span> <span class='ocrx_word' id='word_1_103' title='bbox 193 1593 328 1667; x_wconf 86' lang='lat' dir='ltr'>Scilicet,</span> <span class='ocrx_word' id='word_1_104' title='bbox 352 1602 443 1669; x_wconf 87' lang='lat' dir='ltr'>atque</span> <span class='ocrx_word' id='word_1_105' title='bbox 459 1595 555 1654; x_wconf 91' lang='lat' dir='ltr'>oculis</span> <span class='ocrx_word' id='word_1_106' title='bbox 569 1595 683 1669; x_wconf 90' lang='lat' dir='ltr'>probra</span> <span class='ocrx_word' id='word_1_107' title='bbox 695 1595 828 1656; x_wconf 86' lang='lat' dir='ltr'>videnda</span> <span class='ocrx_word' id='word_1_108' title='bbox 842 1596 911 1655; x_wconf 90' lang='lat' dir='ltr'>tuis.</span> 
     </span>
     <span class='ocr_line' id='line_1_16' title="bbox 148 1673 1067 1753; baseline 0.005 -16"><span class='ocrx_word' id='word_1_109' title='bbox 148 1679 234 1738; x_wconf 90' lang='lat' dir='ltr'>Nunc</span> <span class='ocrx_word' id='word_1_110' title='bbox 251 1673 374 1736; x_wconf 77' lang='lat' dir='ltr'>uenisse</span> <span class='ocrx_word' id='word_1_111' title='bbox 386 1678 507 1750; x_wconf 67' lang='lat' dir='ltr'>piget..</span> <span class='ocrx_word' id='word_1_112' title='bbox 529 1679 724 1752; x_wconf 88' lang='lat' dir='ltr'>nequeenim</span> <span class='ocrx_word' id='word_1_113' title='bbox 743 1679 934 1753; x_wconf 84' lang='lat' dir='ltr'>deprendere</span> <span class='ocrx_word' id='word_1_114' title='bbox 948 1682 1067 1742; x_wconf 88' lang='lat' dir='ltr'>velles..</span> 
     </span>
     <span class='ocr_line' id='line_1_17' title="bbox 190 1759 934 1834; baseline 0.001 -15"><span class='ocrx_word' id='word_1_115' title='bbox 190 1761 275 1821; x_wconf 90' lang='lat' dir='ltr'>Nunc</span> <span class='ocrx_word' id='word_1_116' title='bbox 290 1761 382 1820; x_wconf 89' lang='lat' dir='ltr'>iuvat.</span> <span class='ocrx_word' id='word_1_117' title='bbox 405 1760 538 1818; x_wconf 86' lang='lat' dir='ltr'>incertus</span> <span class='ocrx_word' id='word_1_118' title='bbox 554 1768 680 1834; x_wconf 86' lang='lat' dir='ltr'>pectora</span> <span class='ocrx_word' id='word_1_119' title='bbox 697 1769 800 1822; x_wconf 84' lang='lat' dir='ltr'>versat</span> <span class='ocrx_word' id='word_1_120' title='bbox 814 1779 907 1822; x_wconf 90' lang='lat' dir='ltr'>amor.</span> <span class='ocrx_word' id='word_1_121' title='bbox 931 1759 934 1766; x_wconf 85' lang='lat'>&#39;</span> 
     </span>
     <span class='ocr_line' id='line_1_18' title="bbox 150 1842 1029 1921; baseline 0.003 -17"><span class='ocrx_word' id='word_1_122' title='bbox 150 1845 280 1905; x_wconf 89' lang='lat' dir='ltr'>Credere</span> <span class='ocrx_word' id='word_1_123' title='bbox 296 1860 376 1918; x_wconf 88' lang='lat' dir='ltr'>quae</span> <span class='ocrx_word' id='word_1_124' title='bbox 389 1842 527 1914; x_wconf 86' lang='lat' dir='ltr'>iubeant,</span> <span class='ocrx_word' id='word_1_125' title='bbox 550 1843 637 1902; x_wconf 90' lang='lat' dir='ltr'>locus</span> <span class='ocrx_word' id='word_1_126' title='bbox 652 1852 700 1904; x_wconf 89' lang='lat' dir='ltr'>est</span> <span class='ocrx_word' id='word_1_127' title='bbox 714 1851 744 1904; x_wconf 90' lang='lat' dir='ltr'>et</span> <span class='ocrx_word' id='word_1_128' title='bbox 757 1861 869 1906; x_wconf 90' lang='lat' dir='ltr'>nomen</span> <span class='ocrx_word' id='word_1_129' title='bbox 884 1853 913 1906; x_wconf 90' lang='lat' dir='ltr'>et</span> <span class='ocrx_word' id='word_1_130' title='bbox 927 1848 1029 1921; x_wconf 88' lang='lat' dir='ltr'>index,</span> 
     </span>
     <span class='ocr_line' id='line_1_19' title="bbox 18 1927 987 2004; baseline 0.001 -16"><span class='ocrx_word' id='word_1_131' title='bbox 18 1971 19 1988; x_wconf 41' lang='lat' dir='ltr'>t</span> <span class='ocrx_word' id='word_1_132' title='bbox 83 1936 137 1988; x_wconf 75' lang='lat'>720</span> <span class='ocrx_word' id='word_1_133' title='bbox 187 1927 226 1989; x_wconf 86' lang='lat' dir='ltr'>Et</span> <span class='ocrx_word' id='word_1_134' title='bbox 241 1929 313 2003; x_wconf 91' lang='lat' dir='ltr'>quia</span> <span class='ocrx_word' id='word_1_135' title='bbox 328 1943 434 2002; x_wconf 86' lang='lat' dir='ltr'>amans</span> <span class='ocrx_word' id='word_1_136' title='bbox 450 1942 571 2001; x_wconf 85' lang='lat' dir='ltr'>semper</span> <span class='ocrx_word' id='word_1_137' title='bbox 587 1928 672 2000; x_wconf 92' lang='lat' dir='ltr'>quod</span> <span class='ocrx_word' id='word_1_138' title='bbox 686 1927 784 2002; x_wconf 91' lang='lat' dir='ltr'>timet,</span> <span class='ocrx_word' id='word_1_139' title='bbox 807 1945 879 1996; x_wconf 83' lang='lat' dir='ltr'>esse</span> <span class='ocrx_word' id='word_1_140' title='bbox 893 1939 987 2004; x_wconf 90' lang='lat' dir='ltr'>putat.</span> 
     </span>
     <span class='ocr_line' id='line_1_20' title="bbox 148 2009 860 2086; baseline 0 -14"><span class='ocrx_word' id='word_1_141' title='bbox 148 2012 234 2072; x_wconf 89' lang='lat' dir='ltr'>Vidit</span> <span class='ocrx_word' id='word_1_142' title='bbox 247 2019 280 2071; x_wconf 92' lang='lat' dir='ltr'>ut</span> <span class='ocrx_word' id='word_1_143' title='bbox 293 2026 448 2086; x_wconf 66' lang='lat' dir='ltr'>⁴oppressa</span> <span class='ocrx_word' id='word_1_144' title='bbox 461 2011 588 2084; x_wconf 80' lang='lat' dir='ltr'>vestigia</span> <span class='ocrx_word' id='word_1_145' title='bbox 603 2011 741 2086; x_wconf 86' lang='lat' dir='ltr'>corporis</span> <span class='ocrx_word' id='word_1_146' title='bbox 756 2009 860 2086; x_wconf 89' lang='lat' dir='ltr'>herba,</span> 
     </span>
     <span class='ocr_line' id='line_1_21' title="bbox 189 2093 969 2169; baseline -0.004 -16"><span class='ocrx_word' id='word_1_147' title='bbox 189 2095 352 2156; x_wconf 85' lang='lat' dir='ltr'>Pulsantur</span> <span class='ocrx_word' id='word_1_148' title='bbox 366 2095 477 2169; x_wconf 90' lang='lat' dir='ltr'>trepidi</span> <span class='ocrx_word' id='word_1_149' title='bbox 492 2096 586 2154; x_wconf 90' lang='lat' dir='ltr'>corde</span> <span class='ocrx_word' id='word_1_150' title='bbox 599 2093 730 2159; x_wconf 88' lang='lat' dir='ltr'>micante</span> <span class='ocrx_word' id='word_1_151' title='bbox 744 2096 839 2156; x_wconf 87' lang='lat' dir='ltr'>sinus.</span> <span class='ocrx_word' id='word_1_152' title='bbox 966 2145 969 2150; x_wconf 89' lang='lat'>.</span> 
     </span>
     <span class='ocr_line' id='line_1_22' title="bbox 147 2179 966 2256; baseline 0.004 -18"><span class='ocrx_word' id='word_1_153' title='bbox 147 2181 273 2253; x_wconf 82' lang='lat' dir='ltr'>lamque</span> <span class='ocrx_word' id='word_1_154' title='bbox 287 2179 354 2239; x_wconf 92' lang='lat' dir='ltr'>dies</span> <span class='ocrx_word' id='word_1_155' title='bbox 366 2179 488 2248; x_wconf 24' lang='lat' dir='ltr'>,medius</span> <span class='ocrx_word' id='word_1_156' title='bbox 505 2185 610 2239; x_wconf 86' lang='lat' dir='ltr'>tenues</span> <span class='ocrx_word' id='word_1_157' title='bbox 626 2185 820 2238; x_wconf 78' lang='lat' dir='ltr'>conuenerat</span> <span class='ocrx_word' id='word_1_158' title='bbox 833 2180 966 2256; x_wconf 89' lang='lat' dir='ltr'>umbras,</span> 
     </span>
     <span class='ocr_line' id='line_1_23' title="bbox 109 2261 937 2337; baseline -0.002 -17"><span class='ocrx_word' id='word_1_159' title='bbox 109 2292 112 2297; x_wconf 96' lang='lat'>·</span> <span class='ocrx_word' id='word_1_160' title='bbox 189 2263 285 2337; x_wconf 90' lang='lat' dir='ltr'>Inque</span> <span class='ocrx_word' id='word_1_161' title='bbox 299 2261 365 2336; x_wconf 84' lang='lat' dir='ltr'>pari</span> <span class='ocrx_word' id='word_1_162' title='bbox 380 2265 479 2336; x_wconf 87' lang='lat' dir='ltr'>spatio</span> <span class='ocrx_word' id='word_1_163' title='bbox 496 2277 607 2336; x_wconf 89' lang='lat' dir='ltr'>vesper</span> <span class='ocrx_word' id='word_1_164' title='bbox 621 2269 651 2322; x_wconf 88' lang='lat' dir='ltr'>et</span> <span class='ocrx_word' id='word_1_165' title='bbox 666 2269 750 2324; x_wconf 85' lang='lat' dir='ltr'>orius</span> <span class='ocrx_word' id='word_1_166' title='bbox 765 2271 881 2324; x_wconf 83' lang='lat' dir='ltr'>ercnt=¹</span> <span class='ocrx_word' id='word_1_167' title='bbox 936 2305 937 2311; x_wconf 32' lang='lat'>1</span> 
     </span>
     <span class='ocr_line' id='line_1_24' title="bbox 18 2345 918 2424; baseline 0 -17"><span class='ocrx_word' id='word_1_168' title='bbox 18 2379 19 2382; x_wconf 32' lang='lat'>¹</span> <span class='ocrx_word' id='word_1_169' title='bbox 82 2345 239 2419; x_wconf 70' lang='grc'><strong>7151111,</strong></span> <span class='ocrx_word' id='word_1_170' title='bbox 260 2345 340 2405; x_wconf 88' lang='lat' dir='ltr'>redit</span> <span class='ocrx_word' id='word_1_171' title='bbox 355 2345 507 2420; x_wconf 85' lang='lat' dir='ltr'>Cephalus</span> <span class='ocrx_word' id='word_1_172' title='bbox 522 2345 622 2420; x_wconf 89' lang='lat' dir='ltr'>silvis,</span> <span class='ocrx_word' id='word_1_173' title='bbox 647 2345 784 2424; x_wconf 86' lang='lat' dir='ltr'>Cyllenia</span> <span class='ocrx_word' id='word_1_174' title='bbox 798 2349 918 2422; x_wconf 77' lang='lat' dir='ltr'>proles,</span> 
     </span>
     <span class='ocr_line' id='line_1_25' title="bbox 167 2429 1021 2504; baseline 0 -15"><span class='ocrx_word' id='word_1_175' title='bbox 167 2444 170 2450; x_wconf 91' lang='lat'><em>·</em></span> <span class='ocrx_word' id='word_1_176' title='bbox 191 2429 313 2502; x_wconf 89' lang='lat' dir='ltr'>Oraque</span> <span class='ocrx_word' id='word_1_177' title='bbox 326 2429 452 2488; x_wconf 83' lang='lat' dir='ltr'>fontana</span> <span class='ocrx_word' id='word_1_178' title='bbox 466 2429 584 2490; x_wconf 84' lang='lat' dir='ltr'>fervida</span> <span class='ocrx_word' id='word_1_179' title='bbox 599 2431 702 2504; x_wconf 88' lang='lat' dir='ltr'>pulsat</span> <span class='ocrx_word' id='word_1_180' title='bbox 718 2445 822 2504; x_wconf 81' lang='lat' dir='ltr'>aqua·</span> <span class='ocrx_word' id='word_1_181' title='bbox 1019 2441 1021 2446; x_wconf 84' lang='grc'><strong>’</strong></span> 
     </span>
     <span class='ocr_line' id='line_1_26' title="bbox 115 2509 983 2590; baseline 0.006 -19"><span class='ocrx_word' id='word_1_182' title='bbox 115 2553 116 2556; x_wconf 63' lang='lat'>,</span> <span class='ocrx_word' id='word_1_183' title='bbox 147 2513 248 2571; x_wconf 82' lang='lat' dir='ltr'>Anxia</span> <span class='ocrx_word' id='word_1_184' title='bbox 261 2511 380 2584; x_wconf 89' lang='lat' dir='ltr'>Procri,</span> <span class='ocrx_word' id='word_1_185' title='bbox 402 2514 487 2572; x_wconf 85' lang='lat' dir='ltr'>lates.</span> <span class='ocrx_word' id='word_1_186' title='bbox 514 2509 620 2573; x_wconf 79' lang='lat' dir='ltr'>solitas</span> <span class='ocrx_word' id='word_1_187' title='bbox 634 2514 714 2575; x_wconf 88' lang='lat' dir='ltr'>iacet</span> <span class='ocrx_word' id='word_1_188' title='bbox 726 2513 778 2574; x_wconf 91' lang='lat' dir='ltr'>ille</span> <span class='ocrx_word' id='word_1_189' title='bbox 792 2529 848 2588; x_wconf 92' lang='lat' dir='ltr'>per</span> <span class='ocrx_word' id='word_1_190' title='bbox 860 2514 983 2590; x_wconf 79' lang='lat' dir='ltr'>herbae,</span> 
     </span>
     <span class='ocr_line' id='line_1_27' title="bbox 189 2595 891 2671; baseline 0.006 -17"><span class='ocrx_word' id='word_1_191' title='bbox 189 2596 227 2654; x_wconf 85' lang='lat' dir='ltr'>Et</span> <span class='ocrx_word' id='word_1_192' title='bbox 241 2595 382 2671; x_wconf 72' lang='lat' dir='ltr'>‘zephyri</span> <span class='ocrx_word' id='word_1_193' title='bbox 396 2597 505 2658; x_wconf 90' lang='lat' dir='ltr'>molles</span> <span class='ocrx_word' id='word_1_194' title='bbox 519 2601 666 2671; x_wconf 76' lang='lat' dir='ltr'>auraque’</span> <span class='ocrx_word' id='word_1_195' title='bbox 683 2597 759 2657; x_wconf 84' lang='lat' dir='ltr'>dixit</span> <span class='ocrx_word' id='word_1_196' title='bbox 773 2598 862 2658; x_wconf 73' lang='lat' dir='ltr'>‘ades</span> <span class='ocrx_word' id='word_1_197' title='bbox 871 2603 891 2658; x_wconf 90' lang='lat' dir='ltr'>t&#39;</span> 
     </span>
     <span class='ocr_line' id='line_1_28' title="bbox 148 2679 861 2762; baseline 0 -22"><span class='ocrx_word' id='word_1_198' title='bbox 148 2679 188 2740; x_wconf 90' lang='lat' dir='ltr'>Ut</span> <span class='ocrx_word' id='word_1_199' title='bbox 201 2679 298 2754; x_wconf 87' lang='lat' dir='ltr'>patuit</span> <span class='ocrx_word' id='word_1_200' title='bbox 311 2680 441 2740; x_wconf 86' lang='lat' dir='ltr'>misera-e</span> <span class='ocrx_word' id='word_1_201' title='bbox 455 2680 607 2762; x_wconf 77' lang='lat' dir='ltr'>iucundus</span> <span class='ocrx_word' id='word_1_202' title='bbox 621 2681 753 2742; x_wconf 88' lang='lat' dir='ltr'>nominis</span> <span class='ocrx_word' id='word_1_203' title='bbox 767 2697 861 2756; x_wconf 88' lang='lat' dir='ltr'>error,</span> 
     </span>
     <span class='ocr_line' id='line_1_29' title="bbox 82 2762 799 2826; baseline -0.004 -1"><span class='ocrx_word' id='word_1_204' title='bbox 82 2770 136 2825; x_wconf 80' lang='grc'>730</span> <span class='ocrx_word' id='word_1_205' title='bbox 186 2762 224 2821; x_wconf 82' lang='lat' dir='ltr'>Et</span> <span class='ocrx_word' id='word_1_206' title='bbox 238 2778 325 2822; x_wconf 91' lang='lat' dir='ltr'>mens</span> <span class='ocrx_word' id='word_1_207' title='bbox 340 2769 370 2822; x_wconf 91' lang='lat' dir='ltr'>ct</span> <span class='ocrx_word' id='word_1_208' title='bbox 382 2764 473 2824; x_wconf 88' lang='lat' dir='ltr'>rediit</span> <span class='ocrx_word' id='word_1_209' title='bbox 487 2779 578 2826; x_wconf 83' lang='lat' dir='ltr'>verus</span> <span class='ocrx_word' id='word_1_210' title='bbox 592 2765 623 2824; x_wconf 91' lang='lat' dir='ltr'>iu</span> <span class='ocrx_word' id='word_1_211' title='bbox 638 2779 692 2824; x_wconf 89' lang='lat' dir='ltr'>ora</span> <span class='ocrx_word' id='word_1_212' title='bbox 706 2767 799 2826; x_wconf 88' lang='lat' dir='ltr'>color.</span> 
     </span>
     <span class='ocr_line' id='line_1_30' title="bbox 150 2845 921 2922; baseline 0.009 -18"><span class='ocrx_word' id='word_1_213' title='bbox 150 2845 266 2920; x_wconf 82' lang='lat' dir='ltr'>Surgit,</span> <span class='ocrx_word' id='word_1_214' title='bbox 289 2853 318 2906; x_wconf 88' lang='lat' dir='ltr'>et</span> <span class='ocrx_word' id='word_1_215' title='bbox 333 2848 493 2922; x_wconf 84' lang='lat' dir='ltr'>oppositas</span> <span class='ocrx_word' id='word_1_216' title='bbox 509 2849 623 2921; x_wconf 82' lang='lat' dir='ltr'>agitato</span> <span class='ocrx_word' id='word_1_217' title='bbox 637 2863 768 2922; x_wconf 89' lang='lat' dir='ltr'>corpore</span> <span class='ocrx_word' id='word_1_218' title='bbox 781 2848 921 2912; x_wconf 50' lang='lat' dir='ltr'>frondes¹</span> 
     </span>
     <span class='ocr_line' id='line_1_31' title="bbox 189 2927 792 3006; baseline 0.003 -18"><span class='ocrx_word' id='word_1_219' title='bbox 189 2929 301 3003; x_wconf 88' lang='lat' dir='ltr'>Movit,</span> <span class='ocrx_word' id='word_1_220' title='bbox 323 2927 353 2988; x_wconf 92' lang='grc'>11</span> <span class='ocrx_word' id='word_1_221' title='bbox 368 2932 528 3006; x_wconf 87' lang='lat' dir='ltr'>amplexus</span> <span class='ocrx_word' id='word_1_222' title='bbox 542 2947 622 2990; x_wconf 86' lang='lat' dir='ltr'>uxor</span> <span class='ocrx_word' id='word_1_223' title='bbox 634 2932 713 2992; x_wconf 85' lang='lat' dir='ltr'>itura</span> <span class='ocrx_word' id='word_1_224' title='bbox 726 2931 792 2990; x_wconf 88' lang='lat' dir='ltr'>viri.</span> 
     </span>
     <span class='ocr_line' id='line_1_32' title="bbox 148 3013 876 3085; baseline 0.007 -15"><span class='ocrx_word' id='word_1_225' title='bbox 148 3013 200 3072; x_wconf 88' lang='lat' dir='ltr'>lllc</span> <span class='ocrx_word' id='word_1_226' title='bbox 216 3014 310 3072; x_wconf 89' lang='lat' dir='ltr'>leram</span> <span class='ocrx_word' id='word_1_227' title='bbox 325 3015 462 3074; x_wconf 86' lang='lat' dir='ltr'>movisse</span> <span class='ocrx_word' id='word_1_228' title='bbox 475 3021 572 3085; x_wconf 90' lang='lat' dir='ltr'>ratus,</span> <span class='ocrx_word' id='word_1_229' title='bbox 595 3015 776 3074; x_wconf 86' lang='lat' dir='ltr'>iuvenaliter</span> <span class='ocrx_word' id='word_1_230' title='bbox 793 3021 876 3076; x_wconf 86' lang='lat' dir='ltr'>artus</span> 
     </span>
     <span class='ocr_line' id='line_1_33' title="bbox 190 3095 799 3171; baseline 0.003 -15"><span class='ocrx_word' id='word_1_231' title='bbox 190 3095 332 3171; x_wconf 89' lang='lat' dir='ltr'>Corripit,</span> <span class='ocrx_word' id='word_1_232' title='bbox 354 3096 385 3156; x_wconf 90' lang='lat' dir='ltr'>in</span> <span class='ocrx_word' id='word_1_233' title='bbox 402 3098 512 3159; x_wconf 83' lang='lat' dir='ltr'>dextra</span> <span class='ocrx_word' id='word_1_234' title='bbox 525 3099 586 3158; x_wconf 88' lang='lat' dir='ltr'>tela</span> <span class='ocrx_word' id='word_1_235' title='bbox 600 3098 799 3160; x_wconf 88' lang='lat' dir='ltr'>luere-mauu.</span> 
     </span>
     <span class='ocr_line' id='line_1_34' title="bbox 82 3179 990 3257; baseline -0.006 -15"><span class='ocrx_word' id='word_1_236' title='bbox 82 3179 222 3252; x_wconf 78' lang='grc'><strong>73501111</strong></span> <span class='ocrx_word' id='word_1_237' title='bbox 237 3181 329 3254; x_wconf 86' lang='lat' dir='ltr'>lacis,</span> <span class='ocrx_word' id='word_1_238' title='bbox 351 3181 478 3242; x_wconf 68' lang='lat' dir='ltr'>infelix?</span> <span class='ocrx_word' id='word_1_239' title='bbox 489 3199 559 3242; x_wconf 87' lang='lat' dir='ltr'>non</span> <span class='ocrx_word' id='word_1_240' title='bbox 576 3189 623 3242; x_wconf 88' lang='lat' dir='ltr'>cst</span> <span class='ocrx_word' id='word_1_241' title='bbox 638 3182 718 3254; x_wconf 87' lang='lat' dir='ltr'>lere,</span> <span class='ocrx_word' id='word_1_242' title='bbox 741 3183 897 3257; x_wconf 87' lang='lat' dir='ltr'>supprime</span> <span class='ocrx_word' id='word_1_243' title='bbox 912 3182 990 3246; x_wconf 82' lang='lat' dir='ltr'>telat</span> 
     </span>
     <span class='ocr_line' id='line_1_35' title="bbox 188 3263 868 3340; baseline 0 -18"><span class='ocrx_word' id='word_1_244' title='bbox 188 3263 238 3323; x_wconf 88' lang='lat' dir='ltr'>Me</span> <span class='ocrx_word' id='word_1_245' title='bbox 254 3264 415 3324; x_wconf 82' lang='lat' dir='ltr'>miserum!</span> <span class='ocrx_word' id='word_1_246' title='bbox 436 3263 536 3326; x_wconf 86' lang='lat' dir='ltr'>iaculo</span> <span class='ocrx_word' id='word_1_247' title='bbox 551 3265 614 3324; x_wconf 83' lang='lat' dir='ltr'>lixa</span> <span class='ocrx_word' id='word_1_248' title='bbox 629 3265 731 3340; x_wconf 86' lang='lat' dir='ltr'>puella</span> <span class='ocrx_word' id='word_1_249' title='bbox 744 3272 797 3326; x_wconf 90' lang='lat' dir='ltr'>tuo</span> <span class='ocrx_word' id='word_1_250' title='bbox 810 3270 868 3324; x_wconf 89' lang='lat' dir='ltr'>est.</span> 
     </span>
     <span class='ocr_line' id='line_1_36' title="bbox 147 3347 899 3423; baseline 0 -18"><span class='ocrx_word' id='word_1_251' title='bbox 147 3347 194 3406; x_wconf 71' lang='lat' dir='ltr'>‘Ei</span> <span class='ocrx_word' id='word_1_252' title='bbox 209 3347 280 3406; x_wconf 91' lang='lat' dir='ltr'>mihi</span> <span class='ocrx_word' id='word_1_253' title='bbox 290 3352 310 3405; x_wconf 88' lang='lat' dir='ltr'>t’</span> <span class='ocrx_word' id='word_1_254' title='bbox 333 3351 502 3421; x_wconf 85' lang='lat' dir='ltr'>conclamet</span> <span class='ocrx_word' id='word_1_255' title='bbox 516 3348 623 3408; x_wconf 74' lang='lat' dir='ltr'>‘fixisti</span> <span class='ocrx_word' id='word_1_256' title='bbox 638 3356 745 3423; x_wconf 83' lang='lat' dir='ltr'>pectus</span> <span class='ocrx_word' id='word_1_257' title='bbox 759 3348 899 3411; x_wconf 88' lang='lat' dir='ltr'>amicum.</span> 
     </span>
     <span class='ocr_line' id='line_1_37' title="bbox 187 3429 935 3507; baseline -0.003 -17"><span class='ocrx_word' id='word_1_258' title='bbox 187 3431 245 3490; x_wconf 89' lang='lat' dir='ltr'>Hic</span> <span class='ocrx_word' id='word_1_259' title='bbox 259 3432 348 3492; x_wconf 88' lang='lat' dir='ltr'>locus</span> <span class='ocrx_word' id='word_1_260' title='bbox 363 3449 383 3492; x_wconf 90' lang='lat' dir='ltr'>a</span> <span class='ocrx_word' id='word_1_261' title='bbox 397 3431 532 3507; x_wconf 77' lang='lat' dir='ltr'>Cephalo</span> <span class='ocrx_word' id='word_1_262' title='bbox 547 3434 676 3492; x_wconf 85' lang='lat' dir='ltr'>vulnera</span> <span class='ocrx_word' id='word_1_263' title='bbox 690 3446 812 3506; x_wconf 88' lang='lat' dir='ltr'>semper</span> <span class='ocrx_word' id='word_1_264' title='bbox 826 3429 935 3490; x_wconf 86' lang='lat' dir='ltr'>hahet.-</span> 
     </span>
     <span class='ocr_line' id='line_1_38' title="bbox 146 3515 862 3590; baseline -0.004 -15"><span class='ocrx_word' id='word_1_265' title='bbox 146 3515 226 3576; x_wconf 70' lang='lat' dir='ltr'>dnte</span> <span class='ocrx_word' id='word_1_266' title='bbox 241 3515 321 3576; x_wconf 89' lang='lat' dir='ltr'>diem</span> <span class='ocrx_word' id='word_1_267' title='bbox 338 3517 466 3588; x_wconf 88' lang='lat' dir='ltr'>morior,</span> <span class='ocrx_word' id='word_1_268' title='bbox 477 3516 544 3576; x_wconf 66' lang='lat' dir='ltr'>,sed</span> <span class='ocrx_word' id='word_1_269' title='bbox 559 3517 641 3576; x_wconf 79' lang='lat' dir='ltr'>nulla</span> <span class='ocrx_word' id='word_1_270' title='bbox 654 3517 753 3590; x_wconf 89' lang='lat' dir='ltr'>pelice</span> <span class='ocrx_word' id='word_1_271' title='bbox 765 3517 862 3576; x_wconf 86' lang='lat' dir='ltr'>laesa.</span> 
     </span>
     <span class='ocr_line' id='line_1_39' title="bbox 82 3598 881 3680; baseline -0.003 -22"><span class='ocrx_word' id='word_1_272' title='bbox 82 3603 136 3658; x_wconf 80' lang='lat'>740</span> <span class='ocrx_word' id='word_1_273' title='bbox 186 3599 253 3658; x_wconf 89' lang='lat' dir='ltr'>Hoc</span> <span class='ocrx_word' id='word_1_274' title='bbox 268 3600 359 3661; x_wconf 89' lang='lat' dir='ltr'>laciet</span> <span class='ocrx_word' id='word_1_275' title='bbox 372 3601 492 3674; x_wconf 87' lang='lat' dir='ltr'>positae</span> <span class='ocrx_word' id='word_1_276' title='bbox 506 3606 535 3660; x_wconf 90' lang='lat' dir='ltr'>te</span> <span class='ocrx_word' id='word_1_277' title='bbox 550 3598 636 3674; x_wconf 92' lang='lat' dir='ltr'>mihi,</span> <span class='ocrx_word' id='word_1_278' title='bbox 655 3607 751 3672; x_wconf 87' lang='lat' dir='ltr'>terra,</span> <span class='ocrx_word' id='word_1_279' title='bbox 773 3599 881 3680; x_wconf 79' lang='lat' dir='ltr'>leuem.</span> 
     </span>
     <span class='ocr_line' id='line_1_40' title="bbox 866 3681 920 3742; baseline 0 0"><span class='ocrx_word' id='word_1_280' title='bbox 866 3681 920 3742; x_wconf 81' lang='lat'>15*</span> 
     </span>
    </p>
   </div>
   <div class='ocr_carea' id='block_1_3' title="bbox 0 0 1254 4008">
    <p class='ocr_par' dir='ltr' id='par_1_3' title="bbox 0 0 1254 4008">
     <span class='ocr_line' id='line_1_41' title="bbox 0 0 1254 4008; baseline 0 2"><span class='ocrx_word' id='word_1_281' title='bbox 0 0 1254 4008; x_wconf 95' lang='lat' dir='ltr'> </span> 
     </span>
    </p>
   </div>
  </div>
 </body>
</html>
