2488 4006
120 220 180 286 118
505 219 753 308 naaciuus.

203 372 242 433 Et
259 371 383 445 nimium
397 372 512 434 similes
531 372 585 432 tibi
600 380 686 446 sunt,
710 379 741 432 et
755 372 887 450 imagine
900 379 1019 450 tangor,
1106 435 1108 440 ,

141 465 193 520 190
245 457 282 516 Et
296 457 437 531 quotiens
452 456 560 530 video,
582 457 696 518 lumina
710 463 815 518 nestra
829 456 962 518 nradeut.

203 540 262 599 Per
277 556 410 616 superos
426 557 496 616 cro,
517 556 573 616 per
587 541 687 602 avitae
701 541 815 601 lumina
829 539 979 617 flammae,

246 623 304 684 Per
320 625 459 684 meritum
473 630 504 683 et
518 633 623 697 natos,
646 623 777 699 pignora
793 631 914 699 nostra,
938 626 1032 688 duos:

202 707 312 768 Redde
325 716 440 782 terum,
463 723 519 783 pro
537 725 597 782 quo
612 716 658 768 let
670 723 722 768 res
737 709 845 768 insana
860 709 982 785 reliqui:

245 792 337 851 Adde
352 793 445 852 fidem
460 791 530 852 dicl'
511 798 564 865 trs,
578 791 796 866 auxiliumque
806 789 902 852 reler.

121 898 123 902 ·
140 883 192 938 195
202 875 269 934 Non
285 891 343 960 ego
359 883 389 936 te
404 877 534 950 imploro
551 882 658 934 contra
672 883 842 950 laurosque
856 877 1012 954 virosque,

247 953 349 1034 thue
362 967 415 1024 tua
430 975 560 1034 serpens
576 959 657 1018 victa
671 960 811 1032 quiescat
826 976 895 1036 ope.

177 1043 245 1102 Te
261 1050 348 1118 peto,
373 1059 464 1118 quem
480 1043 591 1116 merui,
617 1058 706 1118 quem
723 1043 836 1103 nobis
829 1061 897 1118 ipsc
913 1043 1033 1120 dedisti,

248 1128 320 1188 Cum
336 1143 397 1201 quo
413 1145 482 1188 sum
497 1127 563 1203 pali
565 1134 611 1196 ter
565 1128 706 1188 tlacta
717 1137 842 1201 parente
857 1145 979 1203 parens.
1023 1181 1026 1185 .

203 1206 268 1271 Dc's
283 1211 336 1271 ubi
352 1212 405 1284 sit,
430 1211 574 1285 quaerise
596 1225 705 1286 campo
721 1213 949 1272 numeravimus
966 1213 1027 1287 illo,

140 1303 192 1356 200
246 1295 302 1369 Qui
317 1295 369 1354 tibi
386 1298 483 1356 latum
500 1297 599 1355 vellus
614 1294 750 1354 arandus
765 1302 840 1354 erat

204 1381 325 1439 Aureus
340 1379 390 1439 ille
406 1379 486 1439 aries
502 1379 576 1438 villo
593 1377 771 1454 spectabilis
786 1395 889 1453 auree,

247 1464 312 1522 Dos
327 1479 405 1522 mea.
430 1479 521 1536 quam
538 1462 638 1522 dicam
654 1461 681 1522 si
695 1461 750 1521 tibi
765 1461 907 1536 ‘redde',
921 1479 1025 1538 neges.

202 1548 267 1607 Dos
283 1554 397 1606 meatu
414 1546 619 1621 suspectius
635 1553 682 1604 est
695 1563 765 1612 mea
782 1547 894 1606 Graia
886 1554 1044 1608 1uventus=

246 1631 369 1702 inune,
393 1630 575 1707 Sisyphias,
598 1629 752 1704 improbe,
777 1631 985 1706 contempus,

139 1723 190 1777 205
202 1714 290 1787 Quod
306 1715 402 1785 vivis,
425 1714 510 1788 qued
525 1713 622 1774 habes
639 1721 762 1789 nuptam
779 1711 985 1792 seuerumque
999 1717 1145 1792 petentis,

245 1799 312 1858 Hoc
326 1799 441 1874 ipsum,
463 1799 597 1874 ingratus
614 1797 699 1871 quod
712 1806 801 1873 potes
819 1815 906 1874 esse,
930 1816 1029 1859 meum
1044 1809 1102 1861 est.

204 1883 287 1957 Ques
304 1883 448 1958 equidem
460 1888 624 1943 actutum...
658 1880 721 1941 Sed
734 1882 806 1956 quid
817 1883 997 1958 praedicere
1010 1902 1145 1959 poenam

244 1967 381 2026 Atlinett
401 1967 533 2042 ingentis
549 1965 677 2042 parturit
691 1967 735 2026 ira
752 1967 858 2026 minas.

203 2049 268 2123 Quo
286 2050 363 2110 leret
377 2053 436 2122 ira,
458 2067 581 2125 sequar.
604 2051 675 2109 lacti
690 2050 824 2110 sectasse
838 2049 962 2128 pigebit.

137 2143 189 2196 210
241 2134 279 2193 Et
295 2135 378 2210 piget
391 2135 487 2196 infido
506 2135 700 2196 consuluisse
715 2135 791 2193 viru.
826 2157 828 2161 ·

202 2218 322 2277 Viderit
336 2219 394 2278 ista
409 2221 502 2292 deus,
526 2219 578 2292 qui
593 2234 674 2278 nunc
688 2234 756 2277 mea
774 2226 898 2294 pectora
913 2229 1026 2280 versat.

243 2302 354 2362 Nescio
374 2303 448 2378 quid
464 2311 546 2364 certe
561 2318 647 2362 inens
662 2317 731 2362 mea
745 2303 843 2363 maius
861 2306 931 2380 agit.

587 2589 666 2670 xm.

134 2794 137 2800 ,
203 2694 310 2796 Mittit,
333 2733 362 2784 et
380 2731 464 2800 optat
478 2741 600 2800 amans,
624 2742 685 2800 quo
702 2726 839 2797 mittitur,
863 2723 907 2783 ire
924 2723 1061 2795 salutem,

243 2809 410 2870 Haemonis
425 2811 595 2870 Haemonio
610 2810 777 2869 Laudamia
791 2809 868 2871 viro.
951 2867 952 2870 ,

200 2893 314 2954 Aulide
327 2902 358 2953 te
371 2895 456 2952 lama
467 2901 515 2953 est
529 2901 620 2953 vento
636 2893 786 2953 retinente
801 2891 928 2950 morari·

243 2977 287 3036 A!
310 2993 358 3034 me
374 2993 441 3036 cum
457 2977 595 3052 sugeres,
614 2977 665 3037 liic
678 2977 732 3036 ubi
747 2984 859 3036 ventus
875 2981 960 3034 erat‘l

174 3043 276 3123 5Tum
291 3061 367 3120 lreta
383 3061 552 3122 debuerant
566 3061 680 3121 vestris
696 3061 847 3120 obsistere
863 3059 963 3117 remis.

243 3144 322 3205 illud
337 3153 402 3205 erat
416 3147 519 3204 saevis
534 3146 634 3205 utilet
622 3153 744 3220 tempus
761 3143 861 3220 aquis.

203 3229 317 3290 Oscula
331 3229 419 3302 plura
434 3230 501 3289 viro
517 3229 641 3288 mandat
630 3236 722 3304 taque
740 3229 827 3302 plura
843 3223 1012 3312 dedissem:

243 3311 280 3372 Et
296 3320 368 3372 aunt
384 3328 463 3386 quae
478 3313 563 3372 volui
578 3312 681 3372 dicere
698 3314 789 3370 multa
803 3309 866 3371 libi.
959 3361 960 3364 ,

201 3397 319 3468 Raptus
335 3413 369 3456 es
384 3396 455 3455 hinc
470 3411 638 3471 praeceps,
658 3404 688 3454 et
706 3396 757 3470 qui
774 3402 825 3454 tua
841 3395 907 3452 vela
923 3397 1057 3462 voearet,

11 3461 12 3470 ¹
88 3555 91 3561 .
161 3487 194 3536 10
248 3479 342 3549 Quem
358 3488 504 3553 cuperent
520 3487 643 3590 nautae,
667 3494 727 3538 non
744 3494 817 3553 ego,
836 3485 947 3536 ventus
962 3481 1038 3534 erat.
