2498 4008
496 257 559 322 525
572 257 693 322 —tittt

173 415 224 477 coi
238 414 334 474 durus
350 418 437 486 pater
451 419 513 485 est,
535 417 568 470 ut
582 416 654 471 voto
669 415 789 470 caetera
802 408 922 481 cedant,

213 497 290 564 Huic
305 502 392 570 pater
406 501 458 555 aot
445 493 599 556 55551555
609 495 709 590 durus
723 491 884 552 habendus
898 491 963 552 erit

108 591 158 645 555
168 581 225 642 Hic
241 579 320 638 male
336 579 440 639 dotata
454 592 572 652 pauper
586 593 655 638 oum
671 577 800 650 coniuge
816 575 904 636 vivit:
1007 597 1010 602 ¹

212 663 347 723 Uxorem
362 663 423 722 lato
440 661 546 722 credat
559 661 673 720 obesse
688 674 755 720 suo.

170 745 226 806 Est
240 743 296 806 tibi
308 760 378 808 rure
394 744 476 804 bono
492 759 663 819 generosae
677 741 783 802 15551115
801 755 880 802 uvae
908 779 911 784 ι

212 828 332 888 Vincat
352 843 392 888 ne
405 843 538 888 nascens
553 833 623 888 usta
637 827 677 886 sit
689 841 766 897 uva,
786 825 867 884 tima

169 912 224 970 lile
238 910 330 972 habet
344 911 375 970 15
388 911 489 972 reditu
504 911 615 970 navim.
638 924 722 970 mare
737 923 860 984 semper
875 905 1013 982 iniquum

107 1001 159 1055 575
212 994 330 1068 cogitet
347 1000 377 1054 et
391 993 503 1054 damno
518 990 619 1054 littora
634 993 699 1052 ieta*
710 1007 776 1052 555.

170 1077 263 1138 Filius
279 1077 360 1138 hunc
375 1077 479 1150 miles,
500 1084 530 1136 te
546 1076 608 1136 lilia
622 1075 733 1135 nubilis
748 1081 848 1148 angat.

211 1161 248 1218 Et
264 1160 334 1234 quis
349 1175 411 1219 non
426 1174 538 1220 causas
552 1159 633 1218 mille
649 1158 765 1217 doloris
780 1156 892 1215 habeti

169 1243 209 1298 Ut
223 1256 336 1313 posses
352 1241 459 1298 odisse
472 1249 570 1309 tuam,
591 1239 674 1311 Pari,
698 1239 805 1299 lunera
820 1239 945 1298 fratrum

212 1319 369 1381 Debueras
385 1322 482 1380 oeulis
497 1321 693 1392 substituisse
707 1321 789 1380 tuis?

108 1410 158 1466 575
169 1402 258 1462 Ρ1555
272 1401 465 1477 loquebatur.
487 1401 640 1476 placidum
655 1401 780 1476 puerilis
796 1401 896 1476 imago

211 1485 354 1546 Destituit
366 1501 522 1559 somnum,
546 1484 680 1545 simodo
697 1499 823 1545 somnus
838 1490 913 1544 erat.

172 1568 251 1643 Quid
264 1569 394 1628 iaciamt
415 1569 517 1628 media
530 1567 632 1628 navim
646 1567 804 1628 Palinurus
820 1568 851 1626 in
863 1567 947 1629 unda

212 1651 343 1711 Deserit.
366 1651 486 1725 ignotas
502 1666 597 1725 cogor
610 1652 687 1711 inire
703 1652 779 1711 vias.
905 1697 907 1702 .

172 1733 317 1806 Quisquis
332 1749 433 1806 arnas,
455 1734 525 1794 loca
540 1735 609 1794 sola
621 1742 742 1795 nocent.
764 1735 834 1794 loca
847 1735 915 1794 sola
929 1742 1052 1796 caveto!

107 1823 159 1877 585
213 1816 278 1888 Quo
293 1816 397 1890 fugiat
417 1816 448 1874 in
463 1819 579 1892 populo
594 1817 686 1878 tutior
701 1833 772 1878 5555
785 1826 884 1892 potes.

170 1898 237 1958 Non
252 1898 306 1958 tibi
322 1899 481 1960 55555515...
498 1908 609 1974 augent
623 1907 742 1960 secreta
759 1902 908 1980 1555555...

212 1981 267 2042 Est
281 1998 372 2058 opus.
395 1983 507 2044 anxilio
521 1982 611 2044 turba
624 1984 724 2046 lutura
739 1983 792 2043 tibi
806 1990 862 2044 est

169 2063 277 2124 Tristis
293 2066 369 2140 eris,
392 2065 419 2125 si
434 2069 519 2128 55155
535 2067 607 2128 5515.
628 2067 830 2142 dominaeque
844 2064 969 2125 relictae

212 2148 293 2206 Ante
307 2151 415 2210 oculos
430 2151 526 2210 iacies
541 2150 645 2222 stabit,
668 2152 798 2224 etipsa,
819 2157 899 2208 tuos.

107 2235 158 2289 585
169 2229 294 2289 Tristior
308 2231 423 2292 idcirco
438 2248 502 2293 nox
515 2241 577 2307 555,
598 2249 689 2307 qnam
706 2241 845 2308 tempora
860 2231 983 2292 Phoebi.

49 2325 55 2336 ·
215 2311 299 2385 Quae
312 2314 430 2374 relevet
441 2317 557 2389 luctus,
580 2318 668 2376 turba
683 2315 798 2376 sodalis
814 2316 910 2376 abest.

172 2395 234 2454 Nec
249 2397 319 2470 luge
334 2397 545 2473 conloquium,
567 2414 623 2458 nee
640 2400 680 2460 sit
694 2400 748 2459 tibi
763 2401 853 2458 ianua
869 2399 983 2472 clausa,

214 2478 276 2537 Nec
291 2479 423 2540 tenebris
438 2481 665 2542 vultustilebilis
682 2481 762 2541 abde
775 2489 854 2540 5555.

174 2558 301 2637 Semper
314 2562 394 2622 habe
406 2562 543 2641 Pyladen
558 2564 706 2638 aliquem,
727 2566 779 2638 qui
794 2571 879 2624 curet
894 2561 1047 2626 Orestem:
1092 2571 1103 2598 ·

108 2649 162 2702 555
214 2645 271 2704 Hic
286 2661 409 2720 quoque
423 2645 571 2706 amicitiae
586 2663 649 2706 555
662 2648 740 2708 levis
755 2663 832 2708 usus
847 2647 911 2706 erit.

174 2726 268 2801 Quid,
289 2728 350 2788 nisi
363 2736 500 2790 secretae
514 2732 668 2792 laeserunt
680 2730 822 2808 Phyllida
836 2730 954 2789 silvaci
1005 2747 1007 2757 ·

216 2808 304 2870 Certa
318 2813 403 2873 necis
418 2829 512 2876 causa
526 2821 582 2874 est.
604 2815 778 2875 incomitata
792 2814 856 2874 fuit.

172 2889 253 2964 Ibat,
276 2900 309 2953 ut
322 2894 431 2956 Edono
444 2897 580 2969 referens
596 2898 746 2958 trieterica
761 2896 883 2956 Baccho

214 2973 262 3031 Ire
277 2976 355 3035 solet
369 2978 447 3038 15515
462 2979 591 3040 barbara
604 2982 694 3040 turba·
706 2981 812 3053 comis,

109 3059 162 3113 595
174 3055 211 3116 Et
225 3057 333 3131 modo,
352 3076 414 3134 qua
428 3067 560 3138 poterat,
581 3067 706 3139 longum
723 3063 882 3139 spectabat
898 3062 1067 3138 insequor,

214 3137 321 3200 Nune'
313 3158 344 3202 m
358 3142 512 3207 harenosa
525 3148 609 3208 lassa
623 3145 741 3208 iacebat
754 3146 856 3206 humo.

174 3220 305 3284 ‘Perfida
319 3225 548 3303 Demophoont’
572 3231 683 3290 surdas
699 3229 848 3289 clamabat
862 3228 902 3288 ad
916 3229 1025 3305 undas,

213 3303 378 3383 Ruptaque
393 3311 527 3385 singultu
540 3312 634 3374 verba
648 3312 800 3388 loquentis
817 3318 911 3372 erant.

148 3387 273 3450 Limes
290 3399 354 3454 erat
367 3395 466 3455 tennis
481 3396 574 3471 longa
588 3395 767 3456 subnubilus
782 3394 898 3470 umbra,

104 3476 159 3530 60⁰
213 3472 278 3546 Quo
293 3476 360 3538 tulit
373 3477 424 3538 illa
439 3495 514 3541 snos
530 3481 571 3540 ad
585 3495 667 3540 mare
681 3493 776 3554 saepe
790 3478 898 3554 pedes.
953 3486 958 3499 “
