2498 4008
486 230 542 302 m,
564 187 762 294 soa-ast.

195 383 342 445 Hostibus
358 381 480 444 eveniat
492 387 555 442 tarn
569 381 652 442 foedi
667 396 762 444 eausa
775 382 912 460 pudoris,

239 468 337 542 Inque
353 481 448 527 nurus
462 463 589 526 Parthas
606 465 743 528 dedecus
759 465 835 528 illud
849 473 907 526 eat.

194 552 296 626 Turpe
310 566 408 626 pecus
424 548 573 620 mutilum,
596 549 693 623 turpis
709 549 776 610 sine
790 551 927 624 gramine
943 547 1080 628 campus,

129 646 184 698 loo
235 635 274 694 Et
289 635 355 694 sine
370 633 480 694 ironde
494 633 607 705 frutex,
632 638 663 692 et
679 630 746 694 sine
760 635 845 694 orire
862 643 962 709 eaput.

195 719 261 778 Non
277 717 349 779 mihi
364 717 509 788 venistis,
532 715 652 777 Semele
666 715 805 790 Ledeva‚
828 718 997 793 docendae,

237 802 357 877 Perque
376 801 484 862 fretum
499 799 594 872 falso,
618 797 739 874 Sidoni,
761 809 850 862 voela
867 801 956 875 bove,

194 886 402 960 AutHelone,
426 899 517 960 quam
532 899 595 943 non
610 885 715 956 stulte,
739 883 893 957 Menela'e',
916 887 1065 960 reposcis,
1173 967 1176 977 y

237 970 281 1031 Tu
296 984 421 1044 quoque
436 983 497 1028 non
515 969 618 1039 stulte,
638 967 746 1028 Troice
759 975 879 1044 raptor,
902 968 1008 1030 habes.

128 1065 181 1117 255
193 1053 294 1113 Turba
309 1052 451 1114 docenda
466 1051 563 1124 venit,
587 1050 733 1125 pulchrae
748 1058 913 1126 turpesque
929 1055 1064 1129 puellam

237 1134 389 1209 Pluraque
404 1139 475 1194 sunt
489 1149 612 1207 semper
625 1134 776 1193 deteriora
792 1133 893 1194 bonis

193 1219 384 1278 Fomnonsae
399 1217 549 1277 nonanis
564 1231 656 1290 opem
671 1223 898 1293 praeoeptaqne
912 1227 1078 1292 quaerunt=

180 1313 183 1320 ’
237 1302 292 1361 Est
306 1301 365 1360 illis
382 1316 438 1360 sua
453 1299 527 1371 dos,
550 1299 648 1366 forma
661 1299 729 1358 siae
743 1308 807 1361 arte
824 1308 945 1375 potens.

197 1387 270 1446 Cum
286 1401 370 1446 mare
386 1383 590 1459 compositum
604 1391 665 1456 est,
687 1397 816 1444 seeurus
832 1385 935 1444 navita
949 1393 1065 1446 cessata

127 1479 183 1532 260
237 1469 436 1543 suntuna,
459 1467 580 1530 auxiliis
597 1467 718 1528 adsidet
733 1467 783 1527 ille
800 1467 874 1528 suis.

195 1552 277 1612 Rara
288 1558 389 1612 tamen
405 1552 516 1611 mendo
532 1551 628 1612 laoies
643 1557 735 1611 earet
758 1554 866 1612 occule
880 1553 1017 1627 mendas,

237 1636 363 1709 Quaque
378 1641 483 1709 potes,
506 1633 611 1694 vitium
625 1635 766 1710 eorporis
784 1635 864 1696 abde
877 1637 929 1701 tui.

195 1718 228 1780 Si
243 1719 346 1778 brevis
363 1733 414 1793 es,
437 1717 565 1788 sedeas,
590 1733 629 1777 no
646 1725 730 1778 stans
748 1718 872 1778 videare
890 1720 1014 1782 sedere=

236 1803 333 1876 inque
347 1809 401 1864 tuo
416 1803 519 1863 iaceas
536 1802 812 1876 quantulacumque
827 1809 905 1863 toro.

127 1895 182 1950 265
193 1886 249 1946 llio
266 1901 405 1962 quoque,
428 1901 468 1944 ne
481 1885 581 1960 possit
595 1883 660 1944 lieri
675 1899 819 1946 mensura
834 1885 983 1959 cubantis,

134 1967 137 1974 '
237 1971 352 2044 Iniecta
367 1970 480 2030 lateant
494 1969 542 2028 fae
557 1967 611 2028 tibi
630 1973 714 2028 veste
728 1967 836 2043 pedes.

196 2053 280 2127 Quae
294 2053 418 2112 nimium
432 2052 569 2127 gracilis,
592 2050 684 2126 pleno
700 2052 852 2112 velamina
869 2053 921 2112 iilo

238 2135 359 2209 Sumat,
380 2142 411 2195 et
425 2153 465 2196 ex
480 2133 592 2196 umeris
607 2137 696 2197 laxus
712 2136 840 2196 amictus
856 2144 914 2197 eat.

194 2220 310 2279 Pallida
324 2219 486 2294 purpureis
504 2225 629 2294 spargat
643 2235 700 2280 sua
716 2235 846 2295 corpora
862 2219 967 2294 virgis.

127 2310 184 2365 270
236 2303 356 2377 Nigrior
370 2303 411 2362 ad
424 2301 523 2363 Pharii
540 2303 670 2377 coniuge
685 2302 780 2378 pisale
796 2319 896 2377 opem.

194 2385 251 2445 Pes
266 2386 362 2446 maius
377 2385 408 2445 in
422 2385 513 2446 nivea
531 2401 653 2461 semper
669 2389 784 2448 celetur
797 2387 892 2446 aluta:

236 2469 333 2528 Arida
348 2485 405 2529 neo
421 2469 531 2530 vinulis
550 2485 639 2529 orura
652 2472 775 2530 resolve
791 2470 865 2530 suis.

196 2552 385 2614 Conveniunt
398 2560 506 2612 tenues
521 2553 656 2626 scapulis
671 2553 877 2628 analeptrides
893 2553 971 2612 altis.

237 2637 408 2710 Angustum
426 2637 507 2696 eirea
521 2637 618 2714 iasoia
633 2643 740 2710 pectus
757 2644 815 2697 oat.

126 2726 181 2780 275
192 2718 311 2792 Exiguo
327 2720 428 2792 signet
442 2726 547 2794 gestu,
571 2720 787 2795 quodeunque
802 2720 952 2794 loquetur,

237 2801 292 2861 Cui
307 2802 392 2876 digiti
407 2803 536 2877 pingues
551 2810 581 2863 et
596 2803 705 2864 scaber
719 2801 829 2877 unquis
845 2802 909 2863 erit.

194 2883 249 2945 Cui
263 2886 367 2959 gravis
381 2886 445 2946 oris
463 2885 555 2959 odor,
579 2903 743 2963 numquam
760 2887 861 2946 ieiuna
877 2886 1028 2961 loquetur,

235 2967 273 3027 Et
287 2983 410 3044 semper
424 2969 524 3044 spatio
540 2969 632 3030 distet
645 2969 683 3030 ab
699 2985 752 3030 ore
766 2969 835 3029 viri.

195 3049 227 3109 Si
242 3051 341 3126 niger,
365 3059 417 3112 aut
433 3052 557 3128 ingens,
580 3060 632 3113 aut
648 3069 708 3115 non
724 3055 780 3116 erit
795 3053 902 3114 ordine
915 3059 1005 3116 natus

57 3159 60 3166 ¹
125 3141 182 3194 280
234 3133 317 3194 Dens
332 3133 401 3210 tibi,
423 3134 554 3196 ridendo
569 3137 701 3196 maxima
715 3137 827 3198 damna
842 3137 953 3198 seres.-

194 3216 267 3290 Quis
284 3218 411 3278 eredat?
432 3218 555 3281 diseunt
569 3220 658 3282 etiarn
673 3221 772 3281 ridere
785 3220 916 3296 puellae,

235 3300 395 3373 Quaeritur
410 3309 502 3377 atque
516 3301 575 3363 illis
590 3303 649 3364 hae
663 3319 786 3380 qnoque
801 3309 887 3378 parte
902 3303 1005 3364 decor.

193 3383 260 3444 Sint
274 3384 387 3446 modici
400 3386 511 3460 rietus,
534 3401 712 3462 parvaeque
726 3387 877 3462 utrimque
891 3388 1028 3460 lacunae,

232 3467 270 3526 Et
284 3483 421 3530 summos
436 3470 544 3530 dentes
559 3469 619 3532 ima
634 3470 745 3531 labella
759 3475 871 3545 tegant.
