2488 4006
137 255 195 322 tto
260 267 282 282 0
510 246 783 310 aorsruaaa.

217 407 280 466 Aut
294 418 352 478 ego
368 417 432 463 nen
445 401 533 478 novi,
557 415 648 476 quam
664 401 722 460 sim
737 400 930 478 temerarius,
954 411 1006 464 aut
1020 410 1072 466 me

153 499 206 556 190
258 489 293 548 In
308 487 387 546 freta
399 501 464 546 non
479 492 584 548 cautus
599 491 661 546 tum
678 501 802 562 quoque
819 487 915 546 mittet
929 487 1037 550 Amor.
1070 531 1074 540 .

217 573 302 633 Neve
316 576 405 646 putes
421 569 454 629 id
470 585 534 644 me,
555 568 638 644 quod
653 567 755 644 abest,
776 571 951 647 promittere
965 577 1105 647 tempusa

259 655 391 729 Pignora
404 651 532 728 polliciti
545 669 606 713 non
621 649 675 713 tibi
689 654 777 714 tarda
795 653 887 714 dabo.

219 739 264 800 Sit
277 736 425 798 tumidum
441 737 549 812 paucis
567 735 657 798 etiem
672 751 753 796 nunc
767 737 908 798 noctibus
923 753 1050 814 aequor,

192 877 199 888 ,
259 822 307 883 Ire
322 835 378 896 per
393 820 503 880 Invitas
520 819 713 894 experiemur
730 837 837 896 aquas.

150 917 205 971 Ι195
217 908 278 968 Aut
294 904 367 964 inihi
387 904 540 978 continget
554 903 628 963 felix
641 903 770 964 audacia
786 906 883 979 salvo,

258 989 321 1048 Aut
335 1003 418 1051 mors
433 987 556 1048 solliciti
572 987 642 1048 linis
658 989 770 1047 amoris
791 989 855 1048 erit.

219 1070 338 1148 Optabo
353 1077 469 1146 tamen,
492 1077 525 1130 ut
539 1071 636 1146 partis
652 1072 789 1147 expellar
806 1071 838 1132 in
853 1072 929 1146 illas,

259 1156 297 1215 Et
310 1161 434 1215 teneant
449 1160 555 1229 portus
571 1153 718 1229 naufraga
732 1155 868 1214 membra
881 1161 961 1215 taos.

185 1265 187 1278 ι
217 1239 318 1300 Flebis
334 1237 427 1311 enini,
446 1245 590 1312 tactuque
605 1253 705 1297 meum
720 1237 887 1312 dignabere
903 1254 1028 1316 corpus,

152 1334 207 1386 ποθ
258 1323 296 1382 Et
312 1321 441 1381 ‘mortis’
461 1321 546 1380 dices
561 1321 643 1382 ‘huic
657 1337 714 1396 ego
731 1336 827 1382 causa
841 1321 907 1381 lui'

219 1405 341 1466 Scilicet
354 1405 491 1464 interitus
507 1403 672 1465 offenderis
689 1406 790 1465 omine
808 1406 913 1477 nostri,

259 1489 434 1562 Litteraque
448 1487 550 1548 Invisa
564 1493 612 1548 cst
624 1489 682 1548 hac
696 1505 766 1550 mea
783 1497 869 1563 parte
885 1489 960 1548 tibia

216 1571 341 1631 Desino.
365 1587 458 1644 parce
472 1570 570 1645 queri.
595 1571 652 1632 sad
668 1579 701 1634 ut
716 1580 746 1633 et
762 1588 845 1632 mare
860 1571 945 1631 liniat
960 1571 1047 1645 iram,

258 1654 430 1728 Accedant,
453 1669 585 1728 quaeso,
609 1656 657 1715 lac
672 1663 724 1716 tua
736 1662 809 1716 vcta
823 1656 910 1714 meis.

151 1746 202 1800 205
214 1737 292 1796 Pace
305 1736 392 1796 brevi
405 1737 495 1798 nobis
511 1752 589 1812 opus
605 1745 665 1813 est,
690 1740 762 1800 dum
776 1740 945 1809 transferor
960 1739 1031 1798 isto.

259 1820 333 1881 Cum
347 1827 399 1880 tua
416 1820 571 1894 contigero
586 1822 691 1894 litora,
711 1829 829 1898 perstet
843 1822 974 1896 leemps.

215 1902 287 1963 lstic
302 1911 350 1964 est
364 1909 467 1978 aptum
481 1910 606 1964 nostrae
621 1907 730 1966 navale
745 1907 876 1978 carinae,

256 1986 295 2045 Et
308 1986 416 2047 melius
431 1988 515 2047 nulla
531 1995 591 2047 stat
604 2004 672 2048 mea
687 1989 801 2064 puppis
818 2005 909 2062 aqua.

215 2069 279 2128 lllic
295 2085 344 2128 me
358 2069 480 2131 claudat
494 2071 620 2146 boreas,
639 2071 692 2132 ubi
707 2072 796 2132 dulce
811 2071 923 2133 morari
937 2079 1000 2130 este

149 2161 203 2215 210
255 2151 339 2212 Tunc
355 2153 443 2227 piger
457 2154 497 2214 ad
514 2155 662 2230 nandum,
684 2163 759 2216 tunc
773 2171 831 2231 ego
848 2162 956 2216 cautus
971 2170 1043 2214 erce

195 2236 276 2298 -Nec
290 2235 399 2294 faciam
415 2238 518 2297 surdis
533 2233 672 2298 convicia
686 2237 830 2298 fluctibus
846 2239 917 2314 ulla,

255 2318 352 2381 miste
364 2327 504 2382 nataturo
521 2337 579 2381 nec
594 2322 705 2397 querar
719 2337 790 2383 esse
806 2323 924 2382 fretum.

212 2400 262 2462 Me
276 2403 390 2477 pariter
404 2403 486 2464 venti
499 2410 622 2467 teneant
635 2406 793 2482 tenerique
808 2405 920 2480 lacerti,

254 2485 313 2546 Per
328 2500 439 2546 causas
453 2489 523 2548 istic
538 2489 739 2565 inpediarque
754 2490 844 2550 duas.

148 2574 201 2628 215
212 2567 285 2627 Cum
300 2567 431 2643 patietur
447 2570 561 2646 hiems,
583 2574 677 2634 remla
692 2589 750 2647 ego
766 2572 905 2648 corporis
920 2577 999 2632 utar.

254 2649 371 2712 Lumen
385 2654 416 2714 in
432 2663 604 2731 aspectum
620 2657 712 2717 modo
728 2672 851 2732 semper
863 2654 954 2716 habe.

212 2735 331 2796 interea
345 2752 403 2810 pro
419 2754 467 2798 me
484 2746 641 2813 pernoctet
655 2741 786 2814 epistula
799 2747 909 2813 tecum,

256 2818 351 2892 Quam
364 2836 477 2896 precor
491 2829 527 2884 ut
538 2824 661 2884 minima
674 2839 847 2899 prosequar
861 2823 929 2898 ipse
940 2837 1039 2882 mora.

556 2961 561 2968 ι
568 2959 739 2968 ---—-··-—-—

585 3035 688 3097 XVIII.

215 3113 317 3218 Quam
331 3150 403 3210 mihi
418 3152 527 3212 misisti
542 3154 660 3229 verbis,
681 3154 836 3231 Leandrc,
859 3159 988 3220 saltitem

253 3235 295 3296 Ut
305 3235 425 3310 possim
439 3235 565 3296 mIssam
579 3237 671 3298 rebus
686 3239 816 3313 habere,
836 3241 922 3300 venit
943 3236 950 3248 '

210 3317 317 3392 Longa
331 3335 417 3379 mora
431 3327 479 3380 est
494 3321 584 3382 nobis
599 3322 714 3398 omnis,
737 3339 816 3398 quaa
832 3325 944 3399 gaudia
958 3321 1071 3384 differt

253 3401 435 3474 caventem
451 3404 569 3479 lassae,
589 3420 650 3466 non
664 3407 815 3482 patienter
828 3423 909 3470 amo.

158 3531 163 3538 a
182 3482 333 3544 5Urlrnur
346 3485 417 3560 igne
431 3487 508 3562 pari.
531 3488 589 3548 aed
603 3505 671 3550 sum
685 3489 737 3550 tibi
753 3490 869 3552 viribus
885 3492 984 3568 inpar.
