2488 4006
152 243 217 302 VII.
240 239 332 300 hmo
352 238 549 308 lab-„lto
583 239 662 300 VIII.
684 239 886 300 Haemona
910 240 968 301 l—
992 241 1022 304 6.
1063 241 1102 304 97

137 423 141 428 ·
208 393 270 451 Nec
285 398 433 452 steterunt
446 391 477 452 in
492 400 522 452 te
536 392 645 465 virque
659 398 808 467 paterque
821 407 918 452 meus.

168 475 201 536 Si
216 475 310 550 pudet
324 475 447 548 uxoris,
470 492 533 536 non
546 482 657 548 nupta,
678 475 736 534 sed
751 475 875 550 hospita
890 476 983 535 dicar.

207 558 284 618 Dum
301 566 353 618 tua
365 555 408 618 ¹sit
421 558 517 633 Dido,
541 558 699 632 quodlibet
713 573 785 619 esse
800 561 886 620 leret.

165 643 243 703 Nota
258 641 331 701 mihi
347 643 424 702 lreta
439 651 510 704 sunt
522 643 631 702 Alrum
646 643 817 716 frangentia
833 644 914 704 litus.

101 733 154 787 llo
207 725 409 800 Temporibus
424 727 515 786 certis
530 725 665 800 dantque
680 733 855 801 negantque
869 728 959 786 viam.

165 808 240 868 Cum
255 809 339 870 dabit
353 825 429 870 aura
443 811 539 892 viam,
552 810 723 884 ¹praebebis
738 811 868 872 carbasa
883 811 990 870 ventis

205 892 292 952 Nunc
307 893 385 953 levis
401 894 529 954 eiectam
544 894 679 954 eontinet
694 895 763 969 alga
777 902 882 954 ratem.

163 974 297 1050 Tempus
311 984 345 1036 ut
359 976 536 1052 observem,
558 978 767 1038 mandamini.
790 979 889 1038 serlus
908 977 975 1051 ibis,

207 1060 270 1118 Nec
286 1067 331 1133 te,
354 1061 380 1118 si
396 1061 519 1135 cupies,
540 1061 608 1134 ipsa
624 1077 747 1120 manere
763 1061 871 1121 sinam.

98 1148 153 1204 175
164 1141 201 1200 m
216 1142 293 1201 socii
309 1144 445 1217 requiem
460 1151 606 1218 poscunt,
629 1144 803 1217 laniataque
820 1146 929 1206 elassis

206 1225 342 1285 Postulat
355 1226 484 1300 exiguas
501 1226 693 1286 semiretecta
709 1241 821 1285 moras.

164 1308 222 1368 Pro
237 1309 352 1368 meritis
368 1317 399 1369 et
412 1309 501 1386 siqua
515 1308 569 1370 tibi
584 1308 765 1370 debebimus
780 1310 869 1384 ultra,

206 1391 264 1454 Pro
281 1408 338 1468 spe
353 1393 486 1468 coniugii
498 1401 638 1468 tempora
655 1409 751 1468 parva
766 1401 853 1468 peto:

164 1475 243 1534 Dum
258 1477 334 1537 irata
349 1477 511 1538 mitescunt
525 1485 556 1537 et
570 1493 671 1550 amor,
692 1477 915 1552 dum'tempore
930 1485 960 1538 el
974 1496 1047 1547 usu,

98 1567 152 1621 180
203 1559 333 1620 Fortiter
347 1560 453 1620 edisco
469 1561 567 1620 tristia
581 1576 677 1635 posse
691 1563 764 1635 pati.

165 1641 327 1715 siminus,
351 1639 532 1704 est'animus
548 1643 811 1704 nobis'effundere
827 1646 918 1705 vitam

97 1729 102 1736 ’
206 1726 239 1784 In
255 1741 303 1786 me
318 1727 451 1787 crudelis
467 1743 527 1787 non
544 1735 634 1800 potes
649 1743 720 1788 csse
736 1729 797 1788 diu.

163 1809 307 1883 Aspicies
325 1810 453 1885 utinam,
477 1826 558 1886 quae
573 1810 612 1869 sit
627 1810 788 1871 scribentis
806 1814 917 1887 imago.

205 1891 389 1968 Scribimus,
412 1901 442 1954 et
456 1895 572 1968 gremio
586 1893 714 1954 Troicus
730 1895 814 1954 ensis
830 1896 933 1958 adest:
1130 1969 1136 1974 ⁵

98 1984 150 2037 185
161 1974 280 2050 Perque
294 1993 390 2051 genas
404 1979 546 2038 lacrimae
562 1978 699 2040 strictum
716 1977 857 2039 labuntur
874 1981 903 2038 in
919 1997 1034 2054 ensem,

154 2136 156 2140 Ι
207 2059 262 2132 Qui
278 2060 337 2120 iam
355 2071 410 2136 pro
424 2062 557 2122 lacrimis
573 2062 722 2136 sanguine
735 2062 846 2123 tinctus
861 2065 927 2123 erit.

165 2143 260 2216 Quam
275 2143 354 2203 hene
370 2146 556 2205 conveniunt
570 2146 632 2204 lato
647 2152 698 2226 tua
713 2162 839 2206 munera
854 2155 975 2209 nostro!

205 2227 332 2287 instruis
346 2228 478 2303 inpensa
492 2236 597 2290 nostra
613 2229 776 2302 sepulchra
790 2229 885 2290 brevi.

110 2336 114 2341 -
162 2309 225 2368 Nee
239 2326 307 2369 mea
322 2327 401 2371 nuno
419 2312 546 2385 primum
563 2311 709 2372 feriuntur
723 2319 849 2387 pectora
863 2314 939 2376 telo:

97 2399 151 2453 190
203 2393 257 2452 lile
271 2394 357 2453 locus
374 2397 459 2454 saevi
474 2396 586 2456 vulnus
601 2397 714 2455 amoris
729 2395 831 2456 habet.

160 2477 252 2534 Anna
266 2492 368 2549 soror,
392 2494 482 2538 soror
496 2481 599 2553 Anna,
620 2495 707 2538 meae
722 2482 801 2540 male
818 2481 943 2542 conscia
958 2483 1076 2556 culpae,

204 2560 267 2618 lam
284 2561 372 2620 dabis
390 2563 420 2624 in
436 2563 554 2624 cineres
571 2564 674 2622 ultima
689 2563 770 2622 dona
784 2579 881 2624 meos.

101 2691 104 2697 .
128 2689 135 2698 .
161 2643 225 2701 Nec
240 2653 420 2720 consmnpla
437 2645 521 2719 rogis
536 2645 685 2706 inscribar
698 2647 799 2710 Elissa
814 2646 957 2726 Sychaei,

203 2725 269 2784 Hoc
284 2735 384 2788 tamen
399 2731 429 2788 in
444 2731 549 2790 tumuli
564 2745 714 2789 marmore
729 2746 850 2790 carmen
866 2730 923 2790 erit

96 2817 149 2870 195
161 2808 314 2870 ‘Praebuit
327 2814 450 2872 Aeneas
466 2820 497 2872 et
511 2829 635 2874 eausam
651 2815 757 2874 mortis
773 2821 803 2874 et
818 2830 932 2876 ensem.

204 2893 275 2967 ipsa
291 2911 346 2955 sua
362 2896 440 2956 Dido
456 2896 589 2978 concidit
605 2913 663 2956 usa
677 2901 790 2957 manu'

543 3112 620 3173 VIII.

159 3189 300 3302 Pyrrhus
315 3202 498 3302 Achillides,
521 3204 677 3290 animosus
693 3230 823 3304 imagine
840 3231 945 3304 patris,

201 3309 351 3369 Inclusam
368 3318 474 3371 eontra
489 3315 600 3389 iusque
615 3315 761 3388 piumque
775 3320 867 3373 tenet.

130 3402 148 3453 5
161 3393 248 3466 Quod
265 3395 364 3469 potui,
385 3396 486 3469 renui,
509 3413 548 3457 ne
562 3415 624 3458 non
639 3398 733 3456 invita
747 3404 876 3454 tenerer.

202 3477 310 3619 Cletcra
324 3478 473 3540 femineae
488 3497 548 3541 non
567 3482 689 3542 valuere
704 3495 823 3540 manus.

116 3573 199 3618 0v1h.
237 3605 243 3617 .
911 3569 928 3620 7
