2488 4006
191 225 256 286 uu.
276 225 465 288 runcone
488 223 611 298 moue.
638 227 676 322 u.
697 228 849 291 ouuouu
873 230 940 294 r·-
954 227 1004 294 7³.
1066 230 1108 298 oo

220 379 312 438 Venit
326 377 356 437 in
371 377 527 440 arbitrium
541 380 624 440 nuda
635 380 772 443 Minerva
784 389 878 444 tuum.

74 507 78 516 .
176 462 303 523 Attoniti
317 462 452 522 micuere
467 463 567 536 sinus,
589 464 771 541 gelidusque
788 468 928 542 cucurrit,
1007 475 1011 480 '

220 546 259 606 Ut
272 545 345 604 milri
360 545 503 620 narrasti,
527 547 604 606 dura
618 563 675 622 per
690 563 764 608 ossa
775 556 901 612 tremor.

179 629 354 690 Consului...
371 643 472 703 neque
487 629 568 690 enim
581 631 701 690 modice
715 632 881 694 terrebar...
899 649 1036 709 anusque

135 721 171 775 40
223 712 471 789 Longaevosque
488 719 590 774 senes.
625 715 759 776 constitit
773 731 845 778 esse
859 717 958 778 netas.

179 795 277 856 Caesa
291 797 392 868 abies,
415 797 707 872 sectaequetrabes.
730 805 760 859 et
775 800 876 862 classe
891 808 997 876 parata
1102 845 1105 850 .

222 880 348 941 Caerula
363 886 480 940 ceratas
495 881 606 957 accipit
619 882 703 942 unda
719 889 810 943 rates.

178 963 272 1024 Flesti
286 963 479 1024 discedens...
493 962 554 1025 hoc
569 965 668 1026 saltim
682 981 775 1040 parce
790 982 917 1042 negare=

138 1078 178 1086 —
220 1046 384 1105 Praeterito
399 1047 497 1120 magis
513 1055 561 1108 est
574 1048 631 1106 istc
646 1048 811 1122 pudendus
827 1065 941 1110 amor...

136 1129 215 1188 -ttt
228 1127 324 1199 flesti,
345 1135 374 1188 et
389 1135 511 1190 nostros
524 1129 627 1189 vidisti
642 1129 743 1191 ilentis
760 1133 891 1193 ocellos=

136 1223 172 1275 46
223 1211 401 1271 Miscuimus
416 1212 557 1271 lacrimas
573 1221 707 1273 maestus
722 1221 852 1290 uterque
866 1230 950 1276 suas.

179 1295 245 1354 Non
260 1296 305 1354 sic
320 1294 471 1370 adpositis
487 1295 742 1438 vincitufflvitibus
758 1299 868 1373 ulmus,

221 1379 262 1440 Ut
275 1386 326 1439 tua
340 1385 411 1438 sunt
426 1379 504 1438 collo
519 1379 610 1439 brucc
634 1379 663 1439 ia
676 1395 757 1440 nexa
771 1397 850 1441 meo.

182 1463 225 1520 A!
250 1463 408 1536 quotiens,
428 1477 496 1522 cum
513 1468 542 1522 te
556 1470 647 1524 vento
665 1480 827 1538 quererere
840 1464 945 1538 teneri,

138 1540 174 1608 io
226 1545 371 1606 Riserunt
387 1547 526 1606 comites.
545 1546 595 1607 ille
610 1548 766 1608 secundus
781 1555 854 1609 crat.

182 1627 455 1712 Osculudimissae
470 1630 611 1704 quotiens
626 1632 754 1706 repetita
768 1632 888 1728 dedisti,

191 1779 193 1782 ,
224 1711 318 1784 Quam
334 1712 386 1770 vix
401 1712 543 1772 sustinuit
558 1713 659 1772 dicere
675 1715 778 1788 lingua
793 1717 898 1777 ‘vale'

113 1802 116 1814 ·
181 1797 266 1854 Aura
280 1796 358 1854 levis
372 1795 471 1870 rigido
486 1796 650 1871 pendentia
665 1797 758 1856 lintea
772 1801 851 1859 malo
962 1823 965 1844 ·

226 1878 371 1952 suscitat,
392 1887 422 1939 et
435 1880 527 1940 remis
543 1887 629 1939 eruta
645 1887 734 1940 canet
750 1897 840 1954 aqua.

109 2021 122 2048 Κ
140 1971 174 2024 55
186 1961 359 2036 Prosequor
373 1960 478 2023 infelix
493 1962 590 2022 oculis
606 1964 749 2025 abeuntia
763 1965 840 2038 vela,

226 2045 289 2118 Qua
304 2046 389 2118 licet,
413 2055 442 2106 et
455 2047 587 2106 lacrimis
601 2057 684 2108 umet
698 2063 791 2108 arena
805 2049 892 2108 meis.

182 2128 283 2203 thue
299 2131 379 2188 celer
394 2129 515 2203 venias,
537 2130 651 2190 virides
665 2131 813 2202 Nereidas
829 2147 900 2193 oro:
991 2203 995 2210 Ι

227 2211 348 2272 Scilicet
363 2221 396 2272 ut
412 2213 516 2273 venias
531 2213 561 2272 in
575 2229 645 2273 mea
658 2215 770 2274 damna
785 2217 875 2274 celer.

36 2361 41 2366 ,
183 2295 272 2354 Votis
287 2311 360 2370 ergo
374 2295 450 2356 meis
467 2297 517 2357 alii
532 2297 666 2357 rediture
682 2298 788 2358 redisti
795 2305 828 2357 t..

139 2387 175 2441 60
227 2378 262 2436 Ei
277 2378 363 2451 mihi,
387 2395 442 2453 pro
459 2380 526 2440 dira
539 2381 637 2454 pelice
651 2381 764 2441 blanda
777 2382 835 2441 luit

182 2461 303 2535 Aspicit
317 2464 486 2522 inmensum
499 2465 597 2524 moles
612 2465 716 2524 nativa
728 2465 928 2540 profundum:

225 2544 314 2606 Mons
330 2545 392 2606 luit.
415 2547 578 2620 aequoreis
594 2548 644 2606 illa
657 2549 773 2609 resistit
786 2548 891 2623 aquis:

182 2627 261 2686 Hinc
276 2643 334 2702 ego
348 2630 418 2689 vela
432 2637 502 2690 tuae
517 2632 648 2705 cognovi
663 2632 761 2707 prima
775 2634 906 2705 carinae,

224 2710 262 2771 Et
279 2710 351 2770 milri
366 2728 421 2787 per
437 2711 547 2774 iluctus
562 2715 694 2788 impetus
709 2715 753 2775 ire
768 2715 831 2775 luit.

139 2801 174 2856 65
185 2794 264 2854 Dum
278 2809 396 2868 moror,
416 2795 447 2855 in
463 2813 581 2858 summa
595 2798 679 2858 lulsit
691 2799 764 2858 mihi
779 2814 912 2874 purpura
927 2812 1029 2872 prore.
1079 2858 1082 2864 ,

224 2877 375 2938 Pertimui.
400 2880 498 2940 cultus
513 2896 574 2940 non
590 2889 655 2941 erat
669 2882 719 2942 ille
734 2890 813 2942 tuus.

181 2959 229 3020 Fit
242 2962 383 3037 propior,
403 2971 563 3038 terrasque
578 2965 637 3024 cita
650 2966 724 3024 ratis
740 2964 836 3040 attigit
847 2981 936 3026 aura:

224 3043 384 3106 Femineas
399 3046 465 3107 vidi
480 3047 573 3108 corde
585 3055 733 3108 tremente
747 3065 853 3124 genas.

181 3128 248 3187 Non
263 3130 338 3190 salis
352 3129 383 3190 id
398 3130 527 3192 iuerat...
545 3130 618 3213 quio
635 3132 714 3191 eninr
730 3132 845 3193 luriosa
859 3131 1041 3194 morabere..

139 3217 174 3272 70
226 3212 378 3273 Haerebat
392 3215 508 3288 gremio
524 3215 620 3290 turpis
636 3217 734 3276 amico
748 3224 809 3277 tuo.

182 3293 265 3355 Tunc
279 3312 354 3358 vero
369 3300 499 3372 rupique
515 3297 601 3358 sinus
617 3305 647 3358 et
664 3307 789 3374 pectora
803 3299 916 3373 planxi,

222 3378 259 3438 El
275 3381 358 3440 secui
372 3381 512 3442 madidas
527 3397 628 3456 ungue
641 3383 758 3456 rigente
771 3396 877 3456 genas,

179 3462 370 3539 Implevique
386 3481 505 3528 sacrorn
520 3466 655 3540 querulis
669 3465 831 3525 ululatibus
847 3465 932 3524 Iden.
