2498 4008
458 288 500 361 n,
523 283 718 350 rso-⁴355.
939 383 943 392 Ι
1040 287 1099 352 rot
1182 241 1187 246 ⁸

124 443 135 516 ᾗ
205 439 361 500 Adranon
378 445 476 513 certo,
497 449 628 514 corpora
643 442 770 514 languor
785 439 885 501 habet.

161 524 215 582 Illa
231 523 353 598 quidem
371 522 479 582 valeat.
503 525 557 582 sed
575 525 600 583 si
616 524 694 582 male
708 523 795 582 firma
809 523 939 597 cubabit,

97 614 149 668 320
200 607 237 664 Et
253 606 356 664 vitium
371 607 447 666 caeli
464 607 596 666 senserit
610 609 701 680 aegra
716 607 772 678 sui,

161 691 244 749 Tune
262 705 347 747 amor
363 696 392 749 et
409 690 504 764 pietas
520 698 572 748 tua
587 691 626 750 sit
641 691 799 749 manifesta
816 691 945 764 puellae,

202 774 277 831 lum
291 787 376 847 sere,
400 773 484 847 quod
499 773 590 848 plena
603 773 767 847 postmodo
783 774 861 832 laloe
876 782 980 835 metas.

159 854 222 914 Neo
238 855 290 914 tibi
306 857 420 914 morosi
437 857 559 917 veniant
573 857 696 916 fastidia
710 856 816 932 morbi,

201 939 319 1013 Perque
334 945 400 998 tuas
415 937 488 998 fiant
503 956 581 1013 quae
597 940 676 999 sinet
690 941 771 1014 ipsa,
794 957 912 1000 manus

93 1029 146 1083 325
156 1021 194 1080 Et
208 1022 310 1081 videat
325 1021 463 1096 flentem,
486 1038 543 1081 nea
559 1025 679 1083 taedeat
694 1025 799 1088 osenla
814 1025 902 1097 serre,

200 1104 238 1163 Et
252 1106 335 1164 siooo
352 1105 491 1165 lacrimas
508 1105 650 1164 conbibat
665 1122 718 1165 ore
733 1114 811 1165 tuas

157 1187 359 1260 Mutavere,
384 1189 440 1247 sed
455 1195 563 1246 eunota
578 1190 688 1261 palam.
713 1189 896 1264 quotiesque
910 1189 1022 1266 libebit,

203 1270 286 1342 Quae
300 1270 415 1330 referas
431 1271 486 1342 illi,
510 1271 628 1329 somnia
645 1273 724 1330 laeta
739 1271 819 1330 uide.

156 1353 194 1412 Et
207 1353 324 1426 veniat,
349 1370 427 1428 quae
442 1355 549 1414 lustret
563 1370 639 1412 anus
656 1355 828 1429 laetumque
843 1356 1015 1432 locumque,

92 1445 145 1498 330
197 1435 352 1496 Praeferat
367 1445 396 1496 et
412 1439 540 1496 tremula
556 1440 661 1512 sulpur
675 1444 705 1497 et
721 1455 779 1497 ova
792 1455 892 1498 manu.

157 1519 303 1578 Omnibus
319 1520 367 1578 his
383 1521 503 1581 inerunt
517 1528 621 1594 gratae
638 1521 766 1596 vestigia
781 1537 886 1581 ourae:
915 1557 917 1560 -

198 1603 231 1660 ln
247 1603 364 1662 tabulas
379 1604 479 1662 multis
495 1603 571 1662 liaeo
587 1605 639 1662 via
655 1605 725 1664 leoit
740 1607 804 1664 iter.

155 1675 217 1744 iseo
232 1692 331 1744 tamen
348 1685 457 1748 officiis
474 1686 575 1744 odium
593 1695 755 1760 quaeratur
769 1688 808 1747 ab
823 1705 924 1764 aegra.

201 1767 244 1828 stt
259 1784 334 1828 suus
349 1768 378 1826 in
393 1769 506 1826 blanda
521 1769 681 1828 sedulitate
697 1771 816 1831 modus.

90 1851 322 1912 assumento
339 1851 481 1925 prohibe,
502 1867 558 1909 neo
576 1853 668 1910 amari
686 1857 796 1927 poeula
810 1856 875 1914 suoi
983 1871 987 1886 “

196 1935 329 2008 Porrige.
351 1936 456 1994 rivalis
470 1935 597 1994 misceat
611 1936 661 1994 illa
676 1944 755 1996 tuus.

156 2017 217 2076 Sed
234 2033 295 2076 non
312 2035 372 2092 quo
390 2019 520 2077 dederas
536 2035 553 2077 a
569 2019 656 2079 litore
673 2020 801 2079 carbasa
816 2025 917 2094 vento,

197 2101 363 2173 Utendum,
385 2103 571 2181 medio-oum
586 2102 702 2177 potiere
718 2105 804 2164 lreto.

153 2185 230 2243 Dum
246 2200 345 2244 novus
361 2191 441 2244 errat
456 2202 555 2260 amor,
579 2187 658 2245 vires
675 2187 731 2245 sibi
747 2187 870 2262 colligat
882 2203 955 2248 usu:

9 2277 12 2282 '
87 2274 141 2327 340
195 2266 227 2326 Si
241 2267 319 2325 bene
333 2269 489 2340 nutrieris,
511 2276 650 2343 tempore
668 2271 772 2330 firmus
787 2271 851 2330 erit.
980 2339 987 2345 k

154 2349 248 2423 Quem
262 2358 379 2410 taurum
394 2353 517 2424 metuis,
540 2354 664 2412 vitulum
679 2355 810 2413 muloere
826 2354 965 2414 solebas:

196 2433 258 2492 Sub
274 2451 335 2508 qua
349 2451 429 2494 nuno
445 2435 574 2496 recubas
591 2437 714 2508 arbore,
737 2439 822 2510 virga
837 2439 901 2498 luit.

152 2517 292 2576 Nascitur
306 2518 449 2592 exiguus,
472 2520 528 2578 sed
544 2535 620 2594 opes
636 2520 766 2594 adquirit
781 2522 892 2596 eundo,

196 2600 321 2674 Quaque
336 2603 431 2672 venit,
452 2597 561 2664 multas
577 2603 686 2678 accipit
700 2605 797 2662 amnis
813 2621 919 2677 aquas.

85 2691 138 2744 345
151 2681 212 2742 Fae
227 2683 279 2742 tibi
296 2694 487 2744 consuescat.
511 2687 552 2744 nil
567 2687 769 2746 adsuetudine
784 2687 898 2747 maius=

142 2775 143 2778 ’
193 2766 286 2838 Quam
302 2774 331 2826 tu
348 2769 419 2827 dum
435 2769 555 2844 capias,
578 2771 678 2830 taedia
695 2771 777 2830 nulla
792 2771 871 2845 luge.
921 2812 923 2817 -

77 2890 81 2896 -
149 2849 190 2908 Te
206 2865 328 2924 semper
341 2851 457 2923 videat,
482 2853 532 2912 tibi
549 2869 671 2927 semper
686 2855 830 2928 praebeat
844 2867 944 2926 aures,
977 2899 988 2910 .,

191 2932 341 2993 Exhibeat
354 2937 455 2994 vultus
471 2953 594 3011 noxque
610 2938 739 3011 diesque
753 2945 833 2997 tuos.

151 3015 223 3075 Cum
237 3016 289 3074 tibi
304 3019 401 3078 maior
416 3016 472 3078 e'rit
486 3019 614 3093 fiducia,
638 3036 734 3095 posse
749 3021 871 3100 requiri,

84 3106 138 3160 350
191 3099 262 3158 Cum
278 3103 386 3174 procul
400 3103 520 3162 absenti
535 3117 608 3164 oura
624 3105 741 3164 iuturus
758 3105 828 3178 eris,

148 3182 193 3241 Da
208 3184 352 3257 requiem.
375 3186 530 3261 requietus
546 3203 619 3260 ager
633 3189 712 3248 bene
727 3179 842 3248 eredita
856 3187 963 3260 reddit,

186 3267 341 3342 ¹Terraque
357 3271 506 3329 caelestes
522 3271 607 3330 arida
623 3271 726 3330 sorbet
741 3287 848 3346 aquas.

101 3396 103 3400 Α
145 3349 285 3427 Phyllida
302 3352 503 3428 Demophoon
519 3369 667 3429 praesens
682 3354 869 3414 moderatius
883 3352 976 3412 ussit=

186 3433 309 3494 Exarsit
325 3437 399 3496 velis
416 3437 516 3497 aerius
531 3439 582 3496 illa
596 3438 686 3496 datis

80 3522 131 3576 355
142 3514 317 3592 Penelopen
334 3520 447 3581 absens
464 3522 562 3580 solers
576 3520 738 3595 torquebat
752 3519 869 3580 Ulixes.
