2498 4008
442 212 496 277 lll.
519 209 580 275 741
593 245 631 257 —-
644 211 716 274 812.
1031 212 1093 276 229
1113 239 1118 246 ’

155 366 254 426 Strata
269 371 387 440 premat
400 363 543 438 genibus,
568 365 691 439 paulum
705 364 825 424 cervice
839 363 964 438 reflexa,

90 457 141 513 780
193 448 318 510 Femina
332 463 387 524 per
401 449 525 522 longum
540 448 760 524 conspicienda
776 449 865 508 latus.

153 533 206 592 Cui
221 533 319 592 lemur
334 537 381 591 est
395 530 551 602 iuvenale,
574 539 677 592 oarent
693 547 817 608 quoque
831 538 956 607 pectora
970 531 1090 606 menda,

195 615 260 677 Stet
276 616 336 687 vir,
357 615 388 674 in
403 615 503 674 oblico
520 614 588 674 lusa
603 615 641 675 sit
658 616 728 691 ipsa
743 623 820 678 toro.

151 700 214 758 Nee
228 698 280 758 tibi
297 707 385 774 turpe
399 704 473 774 puta
487 697 614 771 crinem,
636 706 670 760 ut
682 698 820 778 Phylleia
834 706 938 772 mater,

195 781 337 856 Solvere,
360 789 389 841 et
405 779 511 841 effusis
528 781 607 841 oolla
620 781 746 867 relleete
760 783 867 843 comis.

88 874 140 929 785
151 867 196 927 Tu
212 881 352 942 quoque,
376 866 425 925 eui
440 864 523 939 rugis
538 872 655 925 uterum
669 867 783 927 Lucina
797 867 921 940 notavit,

193 949 232 1010 Ut
247 951 328 1009 celer
342 949 462 1009 aversis
477 955 563 1009 utere
576 948 705 1011 Parthus
721 951 819 1024 equis.

150 1033 233 1094 Mille
246 1032 329 1094 modi
345 1033 476 1092 veneris.
499 1033 629 1108 simplex
642 1033 817 1106 minimique
832 1032 955 1106 laboris,

195 1118 267 1176 Cum
282 1117 360 1176 iacet
373 1116 403 1175 in
419 1117 558 1175 dextrum
574 1117 761 1192 semisupina
776 1119 866 1177 latus.

152 1198 214 1259 Sed
229 1214 330 1272 neque
343 1198 477 1256 Phoebei
491 1199 644 1273 tripodes,
668 1214 726 1258 neo
742 1200 883 1274 corniger
895 1198 1028 1257 Ammon

86 1292 139 1347 790
191 1285 274 1342 Vera
289 1281 386 1356 magis
402 1282 506 1356 vobiS,
529 1297 622 1356 quam
636 1297 704 1341 mea
718 1281 822 1354 Musa,
846 1288 943 1341 oanet.

153 1365 249 1442 Siqua
263 1365 357 1441 fides,
377 1365 446 1439 arti,
469 1380 560 1438 quam
573 1366 666 1440 longo
682 1366 808 1425 lecimus
823 1381 891 1435 usu,

194 1449 322 1510 Credite.
346 1448 544 1524 praestabunt
559 1450 691 1508 earmina
705 1457 811 1509 nostra
825 1449 928 1508 fidem.

153 1531 269 1592 Sentiat
283 1548 322 1592 ex
337 1533 406 1592 imis
421 1548 566 1593 venerem
580 1535 715 1595 resoluta
730 1533 871 1593 medullis

183 1613 330 1687 ¹Femina,
355 1623 383 1674 et
399 1631 437 1675 ex
452 1632 551 1690 aequo
566 1633 617 1676 res
632 1617 715 1677 iuvet
728 1618 780 1676 illa
795 1617 884 1676 duos.

88 1709 139 1763 795
150 1701 212 1760 Nee
226 1698 358 1758 blandae
372 1713 467 1758 voees
483 1699 678 1774 iucundaque
694 1703 847 1760 murmura
865 1707 995 1772 cessent,

193 1784 256 1842 Nec
270 1788 390 1842 taceant
404 1780 511 1840 mediis
528 1783 667 1856 improba
682 1784 778 1842 verba
791 1785 878 1843 iocis.

151 1867 196 1927 Tu
210 1881 349 1941 quoque,
373 1865 421 1926 cui
436 1865 557 1924 veneris
573 1881 698 1925 sensum
714 1873 822 1925 natura
838 1867 969 1942 negavit,

194 1951 301 2011 Dulcia
316 1948 456 2009 mendaci
472 1949 584 2024 gaudia
599 1949 681 2024 finge
698 1964 786 2008 sono.
814 1941 816 1950 “

152 2033 275 2108 Infelix,
300 2035 347 2094 eui
361 2041 461 2108 torpet
479 2034 573 2093 hebes
589 2035 676 2093 loeus
691 2033 756 2107 ille,
781 2032 891 2107 puella,

87 2128 141 2182 800
195 2118 260 2192 Quo
275 2119 388 2192 pariter
402 2118 515 2176 debent
529 2119 640 2177 femina
656 2117 763 2191 virque
777 2116 845 2175 frui.

151 2203 293 2276 Tantum,
314 2217 382 2261 eum
397 2201 510 2276 finges,
534 2217 573 2261 ne
588 2202 632 2262 sis
649 2201 823 2271 manifesta,
847 2205 970 2259 caveto:

193 2285 289 2345 Effice
305 2292 487 2360 permotum
502 2285 676 2360 luminaque
690 2286 759 2359 ipsa
773 2283 875 2344 fidem.

154 2369 250 2442 Quam
264 2369 362 2443 iuvet,
384 2374 414 2427 et
428 2383 523 2428 voees
539 2378 568 2429 et
582 2369 732 2428 anhelitus
746 2374 852 2442 arguat
866 2366 939 2426 oris.

195 2454 238 2511 A!
261 2453 364 2527 pudet.
386 2468 514 2512 arcanas
530 2469 603 2529 pars
617 2452 710 2512 habet
723 2453 781 2512 ista
795 2457 895 2510 notas.

87 2545 141 2598 805
154 2536 271 2596 Gaudia
285 2543 355 2611 post
368 2537 499 2596 Veneris
517 2553 595 2612 quae
609 2543 718 2611 poscet
732 2551 840 2594 monus
856 2539 1014 2605 amantem,

195 2620 250 2678 llla
265 2635 337 2679 suas
353 2620 435 2681 nolet
449 2621 571 2695 pondus
586 2621 700 2680 habere
714 2633 834 2694 preces.

154 2703 217 2761 Neo
230 2703 328 2763 lucem
343 2704 373 2763 in
387 2703 537 2764 thalamos
551 2705 622 2764 totis
638 2705 761 2764 admitte
775 2701 927 2761 fenestris.

195 2787 306 2863 Aptius
322 2787 352 2848 in
369 2795 472 2848 vestro
489 2804 618 2863 corpore
631 2789 725 2847 multa
740 2787 841 2844 latent.

152 2871 252 2931 Lusus
266 2871 359 2932 habet
373 2871 473 2932 finem.
497 2873 604 2950 cygnis
619 2870 809 2931 descendere
823 2875 953 2944 tempus,

88 2961 142 3015 διο
194 2954 351 3016 Duxerunt
367 2956 446 3017 eollo
462 2957 512 3030 qui
527 2956 597 3030 iuga
611 2961 717 3014 nostra
732 2969 799 3013 suo.

146 3037 192 3118 vUt
207 3039 360 3112 quondam
375 3041 517 3114 iuvenes,
539 3040 580 3099 ita
595 3054 689 3111 nuno,
712 3052 782 3097 mea
796 3033 899 3109 turba,
922 3031 1043 3109 puellae

196 3121 365 3183 Inscribant
380 3123 488 3202 spoliis
504 3122 597 3182 ‘Naso
612 3123 757 3197 magister
771 3123 857 3180 erat?
