2488 4006
256 243 378 306 XVIIII.
402 243 490 323 [qu
513 242 705 305 AGONTII
727 243 903 307 59-134.
1029 245 1091 310 155
1145 249 1147 254 ’

155 396 261 457 Adfuit
275 402 305 456 et
318 395 408 470 vidit,
428 411 497 456 curn
512 405 545 460 tu
560 396 691 471 decepta
706 396 848 469 rubebas,

196 481 233 540 Et
246 494 357 540 vocem
371 479 498 541 memori
511 479 648 541 condidit
661 497 736 542 aure
752 487 844 542 tuam.

157 563 263 624 Omina
278 579 312 624 re
327 569 464 624 careant!
486 562 560 624 nihil
574 570 621 624 est
635 563 797 626 violentius
814 565 874 637 itta,

92 658 143 710 100
196 648 270 707 eum
286 661 358 720 sue,
379 647 463 722 quod
480 647 588 720 nolim,
613 647 737 708 numina
752 649 837 708 laesa
851 647 944 708 videt.

155 732 253 792 Testis
268 729 325 792 erit
340 730 510 810 Calydonis
525 747 608 806 aper.
631 747 701 792 narn
714 731 842 806 seimus,
864 737 898 792 ut
912 730 964 790 illo

200 814 245 875 Sit
258 815 355 890 magis
370 815 401 874 in
415 821 520 876 natum
534 829 630 876 saeva
643 821 764 890 reperta
782 829 903 891 parcns.

154 899 253 960 Testis
270 905 300 958 et
312 900 466 972 Actaeon,
490 897 646 972 quondam
662 900 727 958 fara
741 899 875 959 creditus
888 896 957 972 illis,

198 984 270 1057 Ipse
285 981 369 1042 dedit
382 982 442 1042 Ieto
459 997 527 1042 cum
544 981 655 1058 quibus
670 990 741 1043 ante
755 984 852 1044 ierasa
889 1027 897 1046 .

91 1074 142 1126 105
155 1063 299 1140 Quaeque
315 1063 449 1140 superba
463 1081 591 1140 parem,
615 1080 691 1124 saxo
706 1081 890 1140 percorpus
905 1064 1014 1124 oborto

197 1149 284 1208 Nune
300 1161 424 1222 quoque
438 1147 607 1225 Mygdonia
624 1145 736 1208 flebilis
750 1154 830 1208 astat
843 1147 945 1206 burno.
959 1198 962 1202 .

156 1231 191 1290 Ei
205 1229 292 1290 mihi!
316 1229 472 1308 Cydippe,
493 1230 584 1290 timeo
598 1228 652 1289 tibi
669 1231 772 1291 dicere
786 1229 921 1301 verbum,

198 1315 243 1374 Ne
258 1313 365 1374 videar
379 1328 473 1374 causa
490 1313 567 1374 Iatsa
581 1328 707 1374 monere
720 1329 802 1374 meat

156 1397 326 1458 Dicendum
338 1405 439 1458 tamen
451 1403 506 1456 est
541 1396 608 1456 Hoc
620 1405 681 1472 est,
697 1397 886 1471 mihicrede,
903 1397 988 1472 quod
999 1411 1093 1472 aegra

92 1491 144 1544 110
196 1482 269 1556 Ipso
285 1480 419 1542 nubendi
433 1488 570 1555 ternpore
585 1496 680 1556 saepe
696 1479 795 1542 iacesc

157 1565 294 1626 consulit
308 1565 377 1640 ipsa
392 1563 460 1636 tibi,
480 1579 541 1626 neu
556 1564 607 1624 sis·
615 1565 739 1638 periura
751 1564 883 1626 laborata

162 1691 165 1703 .
198 1649 236 1709 Et
250 1651 368 1708 salvam
383 1648 469 1706 salva
483 1654 513 1706 te
528 1649 612 1722 eupit
626 1664 698 1708 esse
713 1647 786 1708 fide.

155 1732 231 1790 inde
245 1730 294 1804 nt,
315 1737 362 1805 ut,
386 1729 527 1806 quodens
546 1730 678 1792 existere
692 1731 812 1807 perfida
824 1739 965 1806 temptas,

197 1813 358 1876 Peccatum
375 1815 485 1874 totiens
501 1810 631 1889 eorngat
645 1815 696 1876 itia
710 1822 803 1876 tuum.

92 1907 142 1960 115
153 1898 247 1957 Parce
262 1913 386 1962 movete
401 1899 484 1958 ieros
498 1898 655 1960 animosae
670 1898 796 1972 virginis
811 1913 916 1958 arcusa

198 1980 280 2041 Mitis
295 1981 396 2042 adhue
413 1981 497 2055 fieri,
515 1981 542 2040 si
556 1982 687 2055 panaro,
710 1989 820 2057 potest.

156 2065 266 2137 Paroa,
287 2080 411 2140 precor,
433 2073 557 2126 teneros
573 2080 767 2140 corrumpere
782 2065 919 2126 febribus
933 2073 1030 2126 artus.

200 2147 347 2208 Servetur
361 2148 456 2209 facies
471 2149 530 2208 ista
545 2149 674 2208 fruenda
690 2149 772 2208 mibi.

158 2231 325 2292 Serventur
340 2234 441 2291 vuitus
453 2231 497 2291 ad
511 2238 616 2292 nostra
631 2232 773 2308 incendia
787 2234 858 2304 nati,

94 2326 146 2377 120
200 2315 317 2390 Quique
330 2314 438 2374 subest
452 2314 542 2374 niveo
558 2314 635 2374 ienis
650 2315 680 2384 in
696 2314 771 2375 orbe
785 2317 888 2376 rubor.

157 2398 317 2471 Hostibus,
341 2403 371 2456 et
387 2398 499 2473 siquis,
519 2412 559 2456 ne
574 2397 630 2457 itas
645 2405 945 2473 nostrasrepugnat,

202 2482 252 2540 Sic
269 2482 320 2554 sit,
343 2487 375 2540 ut
391 2481 525 2541 invalida
539 2488 568 2540 te
583 2482 662 2541 solet
678 2496 752 2540 esse
767 2481 854 2540 mihi..
1035 2477 1037 2480 ’

157 2565 316 2638 Torqueor
330 2580 369 2624 cx
384 2576 483 2640 aequo
498 2565 590 2624 velte
605 2564 753 2638 nubente,
775 2567 825 2624 vet
840 2579 941 2638 aegra,

199 2648 308 2706 Dicere
322 2663 379 2707 nee
393 2664 538 2722 possum,
562 2648 636 2722 quid
650 2648 750 2708 minus
767 2648 836 2721 ipse
851 2648 950 2708 velim.

94 2740 144 2793 125
155 2731 295 2790 Maceror
309 2731 473 2804 interdum,
494 2732 576 2804 quod
592 2732 649 2790 sim
665 2731 717 2792 tibi
732 2747 826 2792 causa
840 2729 976 2802 dolendi,

200 2815 304 2887 Teque
319 2829 387 2874 mea
400 2814 481 2874 iaedi
499 2815 662 2875 calliditate
676 2822 760 2890 puto.

158 2898 254 2972 Inque
270 2902 364 2971 caput
376 2905 510 2958 nostrum
526 2898 668 2958 dominae
681 2897 830 2974 penuria,
851 2910 980 2971 quaeso,

199 2980 356 3040 Eveniant.
376 2997 478 3056 poene
490 2989 554 3044 tuta
569 2983 607 3042 sit
620 2983 672 3042 itta
684 2998 764 3042 mea.

53 3101 57 3108 ,
158 3065 201 3124 Ne
215 3074 314 3125 tannen
330 3065 482 3140 ignorem,
504 3065 579 3139 quid
594 3081 684 3140 agas,
707 3066 748 3128 ad
761 3065 865 3126 limina
880 3063 988 3125 crebro

95 3155 147 3210 130
199 3147 317 3207 Anxius
331 3148 391 3208 huc
405 3148 476 3209 ittue
492 3149 718 3210 dissimulanter
732 3165 783 3209 eoa

159 3231 339 3305 Subsequor
353 3232 492 3292 ancillam
510 3234 609 3294 furtim
625 3234 848 3314 famulumque,
868 3230 1038 3304 requIrens,

198 3315 370 3376 Profuerint
383 3317 482 3378 somni
498 3316 572 3392 quid
587 3317 653 3387 tibi,
676 3317 789 3390 quidve
804 3313 873 3374 cibi.

156 3397 206 3456 Me
220 3399 380 3474 miserum,
403 3401 487 3476 quod
503 3417 565 3461 non
579 3401 766 3460 medicorum
781 3396 868 3456 iussa
881 3397 1030 3473 ministro,

198 3481 383 3558 Effingoque
398 3499 506 3544 manus
521 3482 704 3558 insideoque
719 3487 802 3542 toro!
