2488 4006
127 254 188 320 150
241 237 248 248 '
505 249 775 310 nmsrunan.

147 418 198 471 120
252 405 381 480 Quoque
397 402 495 472 minus
509 402 633 476 venias,
655 400 760 464 invida
776 410 891 478 pugnat
904 403 1036 479 hiemps.

210 490 259 549 Me
278 489 435 560 miseram,
459 491 571 559 quanto
589 487 773 561 planguntur
787 487 875 546 litora
889 486 996 560 fluctu,

251 573 290 632 Et
304 574 377 630 latet
393 569 525 631 obscura
540 569 664 630 condita
676 570 757 629 nube
772 571 848 630 dies.

210 655 351 717 Forsitan
364 654 404 712 ad
421 661 546 728 pontum
564 660 659 712 mater
677 653 729 729 pia
741 655 860 714 venerit
873 655 986 728 Helles,

252 737 417 812 Mersaque
429 737 538 817 roratis
553 744 624 796 nata
639 736 750 802 fleatur,
761 737 864 811 aquis:

148 823 257 888 1151111
272 837 356 880 mare
371 821 409 880 ab
423 820 523 879 inviso
541 819 700 895 privignae
716 821 838 881 nomine
857 822 968 880 dictum

252 907 353 964 Vexat
369 901 400 964 in
418 917 602 977 aequoream
619 920 711 964 versa
725 919 859 964 noverca
875 905 983 964 deam?

210 990 277 1050 Non
293 990 390 1058 iavet,
413 995 446 1048 ut
460 1003 541 1046 nunc
557 994 620 1059 est,
643 989 756 1048 teneris
773 988 859 1049 locus
877 989 935 1048 iste
950 988 1070 1063 puellis.

150 1117 153 1122 .
251 1073 317 1133 Hac
334 1073 420 1131 Helle
438 1071 540 1146 periit,
563 1072 621 1130 hac
636 1087 694 1146 ego
711 1072 817 1130 laedor
832 1088 920 1146 aqua.

208 1158 250 1217 Al
266 1156 318 1216 tibi
336 1154 524 1214 flammarum
541 1157 680 1228 memori,
702 1155 856 1230 Neptune,
876 1162 993 1214 tuarum

147 1249 199 1305 130
249 1241 355 1299 Nullus
370 1245 434 1298 erat
449 1240 547 1298 ventis
561 1239 766 1313 inpediendus
783 1255 882 1298 amor=

211 1323 243 1384 Si
259 1339 359 1398 neque
373 1323 562 1398 Amymone,
584 1338 641 1381 nec
658 1323 869 1382 laudatissima
886 1323 983 1380 lorma

253 1406 391 1467 Criminis
408 1414 455 1464 est
468 1407 548 1480 Tyro
564 1405 666 1465 fabula
681 1407 828 1481 venatui,

209 1490 386 1564 Lucidaque
403 1490 544 1566 Alcyone
560 1489 732 1565 Calyceque
747 1490 940 1550 Hecataeone
956 1497 1036 1563 nata,

252 1574 289 1632 Et
303 1574 439 1634 nondum
454 1573 541 1632 nexis
557 1587 656 1646 angue
670 1573 800 1632 Medusa
816 1574 920 1645 comis

147 1667 197 1722 135
208 1655 511 1733 FlavaqueLaodice
528 1657 676 1731 cacloqu'e
693 1664 817 1732 recepta
833 1655 972 1730 Celaeno,

251 1741 289 1800 Et
304 1756 432 1815 quarum
448 1740 569 1799 memini
584 1741 707 1800 nomina
722 1741 800 1800 lecta
815 1740 896 1799 milri.

210 1825 273 1884 Has
290 1831 371 1886 certe
385 1824 550 1899 pluresque
568 1831 693 1900 canunt,
713 1825 865 1900 Neptune,
889 1831 998 1898 poetae

250 1907 343 1968 Molle
358 1908 437 1968 latus
454 1909 539 1966 lateri
554 1908 769 1982 composuisse
786 1916 849 1968 tuo.

211 1992 269 2052 Cur
285 1992 389 2066 igilur,
411 1992 522 2051 totiens
539 1992 619 2051 vires
637 1999 781 2067 expertus
798 1993 920 2064 amoris,

146 2083 198 2138 140
249 2075 420 2135 Adsuetum
437 2075 526 2135 nobis
541 2073 660 2135 turbine
675 2075 792 2135 claudis
807 2077 883 2134 iter?

209 2159 317 2232 Parce,
340 2159 442 2230 ferox,
464 2160 587 2234 latoque
603 2160 678 2219 mari
693 2168 744 2220 tua
757 2159 875 2234 proelia
888 2158 991 2219 misce.

252 2243 377 2302 Seducit
391 2250 487 2302 terras
502 2243 579 2302 haec
595 2242 698 2302 brevis
714 2244 798 2302 unda
814 2243 900 2302 duas.

209 2328 251 2386 Te
267 2326 355 2386 decet
370 2333 420 2386 aul
435 2342 561 2401 magnas
579 2342 720 2402 magnum
735 2327 848 2386 iactare
863 2327 993 2398 carinae,

250 2412 313 2469 Aut
330 2411 420 2470 etiam
435 2409 506 2469 totis
522 2411 673 2470 elassibus
690 2425 761 2470 esse
776 2414 900 2470 trucem.

147 2501 196 2556 145
208 2493 306 2567 Turpe
320 2494 379 2552 deo
396 2493 497 2568 pelagi
512 2494 653 2554 iuvenem
666 2501 781 2553 terrere
796 2500 963 2553 natantem:

252 2577 415 2652 Gloriaque
429 2584 478 2636 est
492 2585 601 2653 stagno
620 2579 755 2654 quolibet
770 2577 829 2636 ista
844 2577 950 2636 minor.

208 2659 324 2722 Nobilis
339 2661 389 2720 ille
406 2661 529 2735 quidem
544 2670 591 2722 est
607 2669 636 2720 et
650 2663 749 2720 clarus
766 2660 897 2736 origine,
921 2659 1053 2718 sednon

249 2744 279 2802 A
295 2743 347 2803 tibi
366 2751 511 2820 suspecto
527 2746 609 2806 ducit
622 2745 712 2805 Ulixe
727 2760 834 2820 genus

208 2827 254 2887 Da
267 2829 402 2901 veniam,
423 2844 575 2903 servaque
591 2830 679 2888 duos.
701 2834 783 2888 natat
798 2827 857 2886 ille.
882 2826 938 2886 sed
954 2825 1054 2908 isdem

145 2919 197 2974 150
250 2910 368 2986 Corpus
383 2913 528 2986 Leandri,
551 2929 624 2987 spes
639 2928 707 2973 mea
721 2911 835 2987 pendet
849 2909 949 2986 aquis.

210 2992 342 3054 Sternuit
355 3000 385 3054 et
398 2996 510 3055 lumen.
534 2996 634 3071 posito
650 3013 720 3056 nam
735 2993 896 3056 scribimus
911 2994 972 3053 illo.

251 3076 399 3152 Sternuit,
423 3087 452 3138 11
467 3079 556 3139 nobis
571 3095 721 3154 prospera
736 3078 823 3154 signa
838 3077 931 3138 dedit.

207 3160 302 3235 Ecce,
324 3177 440 3222 merum
456 3163 556 3224 nutrix
572 3165 690 3224 faustos
706 3161 832 3223 instillat
848 3161 879 3220 in
894 3161 991 3234 ignes,

250 3245 413 3321 ‘Cras'que
429 3247 554 3307 ‘erimus
570 3249 686 3322 plures’
704 3247 817 3322 inquit,
842 3252 872 3305 et
885 3244 954 3319 ipsa
969 3242 1053 3302 bibit.

144 3336 194 3388 155
205 3327 301 3388 Eiiice
315 3345 372 3390 nos
387 3332 506 3405 plume,
529 3333 628 3390 evicta
640 3346 697 3406 per
712 3345 848 3405 aequora
857 3331 978 3402 lapsus,

252 3410 275 3470 0
292 3414 412 3485 penitus
426 3419 488 3474 toto
506 3413 600 3474 corde
615 3419 738 3488 recepto
753 3413 841 3474 mihi!

208 3492 242 3550 In
257 3500 308 3552 tua
323 3503 422 3554 castra
438 3498 520 3560 redi.
541 3497 617 3558 socii
635 3497 775 3557 desertor
792 3497 914 3558 amoris.
