2488 4006
310 233 363 294 VI.
384 232 647 296 HYPSlPYLE
668 231 710 298 ud
723 267 762 282 -
775 233 846 298 140.
1082 236 1125 302 91

188 386 358 449 ε11551555
372 383 565 460 Aesonides,
587 387 644 446 sed
658 385 788 448 Phasias
802 387 930 450 Aeetine

133 513 136 516 -
228 472 334 531 Aurea
345 467 495 530 Phrixeae
509 475 595 544 terga
609 470 729 532 revellit
744 470 834 531 ovis’
1029 543 1035 556 ι

122 563 174 617 155
185 553 251 614 Ν55
267 553 378 628 probat
391 552 549 612 Alcimede
563 559 660 614 mater
672 561 761 628 tua,..
781 556 909 616 consule
923 560 1071 616 matrem..

228 637 297 698 Non
311 643 412 712 pater,
436 636 571 711 egelido
587 637 635 696 cui
650 639 733 697 venit
747 653 807 698 axe
821 655 926 700 nurus

111 719 119 725 ’
186 721 241 780 Illa
255 719 314 780 sibi
328 719 421 781 Tanai
436 718 644 798 Scythiaeque
659 720 823 796 paludibus
839 723 920 784 udae
963 761 967 768 -

229 804 360 879 Quaerat
373 809 403 862 et
416 819 436 862 a
451 804 550 878 patria
562 803 703 866 Phasidis
719 820 820 880 usque
836 806 943 866 virum.

186 887 308 948 Mobilis
324 886 498 958 Aesonide,
521 903 679 963 vernaque
694 888 837 950 incertior
851 905 934 961 aura,

121 980 174 1032 llo
226 971 286 1032 Gur
301 978 353 1032 tua
369 970 495 1044 polliciti
509 971 648 1045 pondere
663 971 759 1032 verba
774 967 900 1032 eorem?

187 1053 241 1112 Vir
254 1068 341 1113 meus
355 1052 428 1112 hinc
442 1054 533 1112 ieras.
555 1054 603 1112 vir
617 1069 677 1112 non
693 1069 780 1113 meus
798 1055 870 1114 inde
884 1053 1001 1114 redisti.

228 1134 292 1195 Sim
306 1135 429 1195 reducis
444 1136 594 1209 coniunx,
616 1137 695 1196 sicut
712 1137 811 1196 euntis
826 1143 924 1196 eram!

186 1219 219 1280 Si
233 1227 263 1280 te
277 1218 420 1278 nobilitas
435 1233 649 1292 generosaque
662 1216 786 1284 nomina
801 1227 935 1295 tangunt,

226 1302 272 1361 En
287 1317 345 1376 ego
359 1301 463 1360 Minoo
478 1308 549 1362 nata
562 1300 698 1362 Th0ante
713 1302 804 1362 seror.

6 1443 12 1450 .
121 1396 172 1448 115
182 1383 323 1446 Bacchus
340 1401 433 1445 avus=
454 1383 568 1444 Bacchi
583 1385 716 1445 coniunx
729 1384 869 1444 redimita
884 1398 1000 1445 corona

179 1527 182 1533 ,
226 1469 402 1528 Praeradiat
417 1469 512 1528 stellis
528 1468 617 1542 signa
630 1467 749 1530 minora
764 1469 837 1528 suis.

184 1554 249 1614 llos
264 1551 317 1612 tibi
331 1551 464 1611 Lemnos
481 1552 550 1624 erit,
574 1558 654 1611 terra
669 1552 829 1627 ingeniosa
846 1552 966 1611 colenti.

226 1635 277 1694 Me
291 1649 416 1709 quoque
431 1650 481 1692 res
496 1635 564 1694 talis
579 1635 659 1694 inter
671 1634 785 1694 habere
800 1643 900 1710 potes.

183 1719 270 1780 Nunc
285 1719 375 1776 ctiam
392 1717 507 1792 peperi.
530 1724 651 1790 gratare
667 1718 832 1793 51555555,
852 1719 954 1779 lason.

121 1812 173 1865 lto
225 1803 321 1861 Dulce
335 1801 407 1860 mihi
422 1800 568 1875 gravidae
583 1801 697 1859 lecerat
711 1807 818 1862 auctor
833 1817 922 1863 onus.

182 1886 268 1945 Felix
282 1885 313 1944 in
327 1899 454 1952 numero
469 1899 592 1958 quoque
607 1900 685 1944 sum.
709 1885 888 1960 prolemque
902 1886 1073 1960 gemellam,

224 1968 356 2043 Pignora
370 1967 485 2029 Lucina
499 1967 570 2027 bina
584 1968 706 2027 favente
721 1967 801 2028 dedi.

185 2052 217 2113 Si
233 2052 372 2126 quaeris,
395 2051 444 2112 cui
459 2051 519 2111 sint
536 2051 672 2110 similest
694 2051 892 2126 cognosceris
907 2051 977 2110 illis.

225 2135 344 2195 Fallere
357 2150 420 2194 non
434 2141 554 2194 norunt.
577 2143 679 2195 cetera
693 2135 787 2210 patris
801 2133 924 2194 habent.

119 2228 170 2280 125
181 2218 313 2293 Legatos
329 2234 409 2291 quos
427 2232 525 2292 paene
541 2217 612 2277 dedi
629 2234 683 2292 pro
699 2226 793 2278 matre
809 2215 963 2278 ferendos.

226 2299 289 2361 Sed
304 2301 398 2363 tenuit
414 2307 541 2374 coeptas
558 2316 654 2362 saeva
668 2317 802 2361 noverca
817 2301 908 2373 viae„
978 2336 980 2340 -

181 2385 323 2445 Medeam
336 2384 430 2445 115151.
455 2387 525 2458 plus
539 2390 587 2444 est
600 2384 710 2444 Medea
723 2399 866 2444 noverca.

201 2467 204 2472 “
225 2468 353 2528 Medeae
367 2469 482 2527 iaciunt
498 2467 539 2526 ad
553 2469 655 2527 scelus
671 2483 761 2527 omne
775 2484 894 2526 manus.

182 2549 337 2625 Spargere
353 2567 431 2626 quae
448 2552 532 2610 fatris
548 2549 644 2626 potnit
659 2553 792 2611 lacerata
807 2566 861 2624 per
876 2565 967 2625 agros

117 2644 170 2698 too
226 2634 376 2709 Corpora,
396 2633 576 2710 pignoribus
591 2641 731 2709 parceret
744 2635 796 2693 illa
810 2635 907 2693 meist

180 2717 268 2777 Hanc
283 2727 397 2790 tamen,
422 2730 444 2777 5
455 2718 596 2788 demens,
620 2717 805 2792 Colchisque
819 2716 919 2776 ablate
934 2718 1073 2793 venenis,

223 2801 342 2862 Dicens
356 2800 549 2878 Hypsipyles
564 2801 785 2875 praeposuisse
799 2807 882 2860 toro!

101 2898 106 2907 ’
179 2883 320 2958 Turpiter
333 2885 384 2943 illa
401 2885 498 2944 virum
513 2883 658 2958 cognovit
672 2882 920 2957 adulteravirgo.

222 2967 272 3026 Me
286 2968 355 3040 tibi,
377 2973 469 3042 teque
483 2965 556 3027 mihi
569 2967 786 3042 taeda-pudica
801 2966 893 3026 dedit.

114 3059 167 3113 135
177 3049 314 3110 Prodidit
327 3051 379 3110 illa
394 3058 519 3125 patrem.
542 3052 630 3126 rapui
645 3051 684 3110 de
700 3051 788 3111 clade
801 3050 946 3133 Thoanta.

222 3135 364 3195 Deseruit
378 3135 519 3196 Colchos.
541 3150 590 3194 me
604 3150 672 3194 mea
686 3135 818 3195 Lemnos
835 3134 934 3194 habet.

181 3216 259 3291 Quid
273 3218 379 3292 refert,
400 3220 549 3278 scelerata
564 3220 646 3293 piam
661 3219 688 3278 si
704 3219 818 3292 vincet,
842 3224 872 3277 el
884 3219 953 3292 ipso

223 3300 352 3362 Crimine
367 3302 472 3362 dotata
486 3308 534 3362 est
547 3303 736 3377 emeruitque
749 3303 869 3361 virumt

178 3384 376 3444 Lemniadum
390 3386 508 3446 lacinus
523 3388 630 3462 culpo,
651 3402 714 3446 non
728 3385 835 3456 miror,
858 3385 957 3443 lason.

112 3475 167 3530 140
221 3467 392 3541 Quamlibet
405 3470 488 3530 iratis
503 3469 571 3546 ipse
587 3469 639 3529 dat
653 3484 737 3528 arma
752 3467 849 3526 dolor.
