2498 4008
108 259 172 323 204
439 253 579 314 ARTIS
599 251 739 313 ΑΜΑΤ.

233 406 372 468 Partibus
389 405 532 465 obscenis
549 402 735 478 obposuisse
749 419 868 464 manus.

128 504 180 558 585
191 495 247 553 Hic
262 490 373 564 aliquis
389 489 494 548 ridens
510 489 553 546 ‘in
567 503 631 560 me,
652 487 817 548 fortissime
830 487 966 564 MavorS,

235 575 268 636 Si
282 573 335 633 tibi
352 579 422 633 sunt
438 570 539 645 oneri,
562 571 683 630 vincula
697 571 855 630 transfert’
878 570 930 630 ait.

191 661 254 718 Vix
269 657 428 734 precibuS,
451 655 605 729 Neptune,
626 655 685 714 tuis
701 655 823 729 captiva
836 654 965 714 resolvit

236 737 382 816 Corpora.
419 740 501 809 Mars
516 737 651 804 Threeen
668 745 811 813 occupat,
834 739 886 796 iila
900 735 1047 813 Paphum.

192 827 259 886 Hoc
276 825 330 884 tibi
346 823 529 898 proiectum,
553 822 700 882 Vulcane.
723 821 806 896 quod
822 829 892 880 ante
906 820 1062 896 tegebant,

128 919 182 974 590
234 905 373 967 Liberius
389 905 516 978 iaciunt,
537 911 571 963 ut
586 905 686 978 pudor
702 905 800 963 omnis
815 905 912 964 abest.

194 992 295 1066 Saepe
308 997 409 1049 tamen
425 989 552 1048 demens
568 988 656 1047 stulte
672 988 784 1046 secisse
799 987 913 1062 fateris,

211 1123 213 1130 ,
235 1075 339 1148 Teque
356 1073 456 1132 ferunt
472 1070 544 1132 artis
559 1071 747 1145 paenituisse
760 1077 840 1130 tuae.

192 1149 366 1233 Hoevetui.
388 1171 461 1226 vos,
482 1169 570 1227 ecce,
592 1159 672 1213 vetat
687 1154 841 1228 deprensa
854 1153 953 1214 Dione

235 1239 368 1299 Insidias
384 1239 466 1311 illas,
488 1244 591 1312 quast
579 1238 646 1296 ttuli
635 1238 743 1310 tipsa,
765 1237 848 1296 dare.

129 1333 180 1386 595
191 1325 253 1383 Neo
267 1339 325 1381 vos
341 1321 428 1380 rivali
443 1323 571 1395 laqueos
588 1319 756 1394 disponite,
781 1334 838 1380 neo
856 1327 912 1380 vos

234 1406 374 1500 Excipite
391 1419 504 1463 arcana
517 1403 612 1462 verba
626 1409 731 1462 notata
745 1419 846 1463 manu

194 1492 256 1550 Ista
269 1489 326 1554 viri
343 1493 478 1562 captent,
503 1486 529 1546 si
545 1487 605 1545 iarn
620 1487 772 1561 captanda
788 1485 944 1580 putabunt,

237 1573 320 1646 Quos
336 1572 426 1630 saciet
442 1571 562 1630 iustos
554 1570 634 1643 ignis
649 1575 678 1630 et
692 1569 776 1628 unda
792 1567 888 1630 viros.

193 1657 255 1729 En,
277 1657 413 1714 iterumt
402 1661 506 1713 testor.
529 1652 602 1712 nihil
616 1652 680 1727 hic,
699 1653 759 1712 nisi
773 1653 840 1726 lege
854 1653 1017 1714 remissum

130 1747 183 1802 600
234 1737 370 1798 Luditur.
392 1737 422 1795 in
437 1736 549 1796 nostris
566 1737 667 1796 instita
681 1736 765 1796 nulla
779 1735 866 1795 iocis.

195 1823 268 1896 Quis
285 1821 401 1881 Cereris
416 1820 490 1880 ritus
506 1821 585 1880 ausit
599 1821 724 1894 vulgare
740 1819 888 1894 profanis,

236 1905 408 1978 Magnaque
422 1903 560 1962 Threicia
574 1919 664 1966 sacra
677 1909 800 1978 reperta
815 1902 930 1962 Samot

193 1988 312 2062 Exigua
328 1994 374 2046 est
388 1987 484 2046 virtus
499 1994 657 2061 praestare
672 1986 792 2047 silentia
804 1987 907 2047 rebus.

237 2074 278 2130 At
292 2077 398 2130 contra
412 2069 515 2144 gravis
531 2075 577 2129 est
595 2071 686 2144 culpa
700 2069 830 2130 tacenda
845 2069 939 2145 loqui.

130 2161 182 2216 605
196 2153 219 2213 Ο
234 2155 326 2228 bene,
350 2153 434 2228 quod
449 2154 565 2213 frustra
577 2155 705 2228 captetis
721 2153 831 2230 arbore
847 2153 947 2228 pomis

237 2237 382 2296 Garrulus
398 2237 428 2295 in
443 2237 543 2296 media
557 2236 631 2296 Tant
633 2238 699 2296 aius
716 2244 781 2296 aret
796 2244 892 2312 aqua!

193 2318 360 2394 Praecipue
375 2320 525 2396 Cytherea
539 2320 622 2379 iubet
637 2336 694 2380 sua
709 2334 798 2391 sacra
812 2320 921 2378 taceri·

61 2415 67 2418 ·
157 2455 160 2460 .
236 2402 413 2474 Admoneo,
436 2403 540 2462 veniat
556 2418 667 2486 nequrs
682 2404 722 2462 ad
735 2403 787 2461 1110
801 2403 924 2476 loquax

197 2486 324 2545 Condita
339 2485 365 2544 si
380 2502 441 2545 non
457 2493 526 2545 sunt
539 2487 670 2546 Veneris
684 2485 831 2563 mysteria
848 2485 942 2559 cistis,

130 2577 183 2632 610
235 2568 298 2627 Nec
313 2583 391 2628 cava
404 2569 547 2628 vaesanis
562 2569 672 2629 ictibus
689 2584 761 2628 aera
777 2577 896 2643 sonant,

195 2651 335 2711 Attamen
352 2652 502 2712 internos
521 2653 621 2712 medio
638 2660 797 2712 versantur
813 2653 843 2711 in
856 2669 926 2726 usu,

239 2733 301 2794 Sed
317 2736 376 2809 sic,
399 2735 547 2796 internos
563 2742 596 2796 ut
609 2736 735 2798 latuisse
747 2736 851 2795 velint.

193 2819 267 2894 Ipsa
279 2821 386 2878 Venus
401 2819 529 2894 pubem,
554 2819 695 2894 quotiens
709 2818 863 2878 velamina
877 2818 972 2894 ponit,

235 2901 403 2976 Protegitur
417 2903 505 2962 laeva
520 2903 724 2962 semireducta
738 2919 838 2963 manu.

129 2992 181 3049 615
192 2983 226 3043 in
240 2983 341 3042 medio
359 2987 535 3060 passimque
551 2986 612 3046 coit
625 3001 731 3062 pecus.
752 2986 813 3046 hoc
829 3000 952 3061 quoque
966 2984 1037 3044 viso

236 3068 355 3127 Avertit
369 3071 470 3128 vuitus
487 3085 581 3144 saepe
598 3071 698 3144 puella
715 3085 801 3130 suos.
839 3106 841 3113 ·

195 3150 384 3212 Conveniunt
398 3149 521 3212 thalami
536 3153 622 3212 furtis
639 3161 668 3212 et
682 3154 773 3213 ianua
785 3153 910 3224 nostrie,

235 3234 370 3310 Parsque
385 3234 442 3295 sub
457 3234 568 3296 iniecta
582 3243 669 3295 veste
684 3237 830 3310 pudenda
845 3238 931 3294 latet:

193 3317 230 3376 Et
244 3318 271 3376 si
286 3335 348 3378 non
364 3318 519 3393 tenebras,
543 3325 572 3378 at
587 3320 732 3392 quiddam
747 3297 838 3379 nubis
855 3332 974 3394 opacae

129 3407 181 3460 620
235 3399 427 3470 Quaerimus,
451 3408 542 3474 atque
557 3401 673 3476 aliquid
690 3403 759 3462 1000
777 3409 900 3477 patente
916 3400 1031 3458 min'us.
1152 3461 1155 3464 .

112 3479 115 3483 '
193 3479 276 3538 Tunc
289 3496 421 3555 quoque,
435 3498 502 3542 cum
514 3485 611 3544 solem
622 3484 758 3563 nondum
769 3484 952 3560 prohibebat
964 3488 994 3542 et
1005 3479 1134 3540 imbrem
1235 3489 1236 3562 g
