2488 4006
218 241 255 302 x.
276 242 341 302 na.
362 237 539 302 94-150.
574 241 624 300 rn.
648 239 801 301 canaan
823 237 894 330 1-
909 237 957 301 1c.
1039 237 1101 301 roe

196 393 310 454 Filius.
333 399 475 452 auctores
489 405 567 450 saxa
582 392 751 468 fretumque
764 392 817 451 ini.

166 478 203 537 Di
218 479 367 548 lacerent,
391 481 425 536 ut
438 490 488 538 me
502 490 620 535 summa
634 476 794 550 depuppe
808 474 946 541 videres=

207 560 358 620 Movisset
371 559 472 618 vultus
489 567 606 619 maesta
619 559 717 632 ligura
729 566 810 619 tuos.
842 597 848 604 ι

100 652 151 707 135
162 645 247 704 Nunc
262 658 386 718 quoque
399 657 462 721 non
477 644 590 715 ocche,
612 643 668 702 sed
684 659 745 718 qna
759 649 864 718 potes,
884 641 989 715 aspice
1001 648 1100 701 merite

207 728 390 788 Haerentem
404 728 549 800 scopulo,
572 720 663 801 quem
679 741 757 800 vaga
767 728 872 801 'pulsat
887 741 982 798 aqua:

164 811 280 885 Aspice
296 811 451 870 demissos
465 810 595 884 lugentis
609 826 695 869 more
710 811 837 885 capillos

207 895 245 955 Et
259 896 378 954 tunicas
394 894 526 953 lacrimis
542 895 622 954 sicut
635 893 673 952 ab
689 893 784 953 imbre
798 892 912 968 gravis.
981 957 983 960 ,
1068 901 1088 944 .’

167 979 285 1053 corpus
299 983 332 1037 ut
345 978 486 1052 inpulsae
500 983 622 1052 segetes
631 977 832 1052 aquilonibus
848 977 958 1046 horret

102 1071 153 1124 140
205 1063 379 1135 Litteraque
393 1060 518 1120 articulo
535 1077 645 1134 pressa
659 1067 805 1119 tremente
819 1059 909 1118 labat.

166 1145 231 1204 Non
247 1152 277 1204 te
291 1159 346 1218 per
359 1145 529 1203 meritum...
545 1145 688 1218 quoniam
707 1144 785 1202 male
799 1143 923 1202 cessit...
939 1141 1051 1202 adoro:

207 1227 315 1288 Debita
325 1225 369 1285 sit
383 1227 463 1287 lacto
478 1227 574 1299 gratia
588 1228 671 1286 nulla
686 1241 754 1284 mco
764 1249 778 1294 =¹

161 1308 228 1372 ¹Sed
243 1327 300 1371 nec
315 1325 416 1385 poena
431 1309 564 1384 quidem.
600 1308 708 1369 Sinon
723 1324 781 1382 ego
798 1323 894 1368 cansa
909 1308 1026 1382 salutis,

207 1395 275 1455 Non
289 1402 390 1454 tamen
406 1398 467 1464 cst,
490 1409 544 1453 cnr
558 1395 602 1452 sis
616 1400 649 1452 tu
664 1392 735 1451 mihi
751 1407 845 1452 causa
860 1392 954 1451 uccis.

101 1490 153 1543 145
164 1480 228 1538 llas
243 1477 297 1538 tibi
313 1477 487 1552 plangendo
502 1477 641 1550 lugubria
656 1482 780 1551 pectora
793 1479 893 1536 lassas

208 1563 317 1622 lnlclix
330 1561 422 1620 tendo
437 1568 521 1620 trans
537 1561 613 1620 ireta
626 1562 719 1634 longa
732 1575 855 1619 manus:

165 1647 230 1710 Hos
245 1644 313 1716 tibi,
338 1643 388 1717 qni
405 1651 565 1717 superant,
589 1643 720 1704 ostendo
738 1651 854 1703 maesta
871 1644 1014 1718 capillos:

207 1729 265 1788 Per
279 1727 419 1787 lacrimas
435 1743 504 1800 cro,
531 1743 608 1801 quas
622 1735 675 1785 tua
690 1727 770 1787 lacta
784 1735 922 1787 movent:

166 1815 267 1873 Flecte
285 1818 395 1882 ratem,
415 1810 549 1880 Theseu,
574 1824 726 1882 versoque
741 1811 878 1870 relabere
891 1817 999 1870 vento!

102 1907 154 1959 150
207 1896 239 1956 Si
256 1897 340 1971 prius
357 1895 517 1966 occidero,
536 1899 680 1952 tutamen
697 1889 877 1954 ossa'leres.

564 2107 614 2172 Xl.

166 2189 266 2300 Siqua
281 2233 380 2285 tamen
395 2228 498 2286 caecis
514 2227 656 2286 errabunt
668 2226 784 2298 scripta
799 2223 904 2296 lituris,

209 2308 325 2369 Oblitus
340 2327 359 2370 a
374 2310 516 2370 dominae
533 2311 627 2370 caede
642 2309 762 2369 libellus
777 2308 841 2367 erit.

117 2382 125 2398 '
165 2395 279 2454 Dextra
291 2399 374 2451 tenet
388 2395 551 2467 calamum,
575 2395 711 2453 strictum
725 2398 806 2451 tenet
820 2391 915 2450 altera
929 2390 1040 2450 serrum

208 2477 246 2535 Et
259 2478 336 2559 iacet
350 2477 380 2534 in
394 2477 510 2551 gremio
525 2477 629 2536 charta
642 2479 742 2536 soluta
756 2490 841 2534 meo:

135 2561 249 2622 5Haec
264 2568 311 2619 est
324 2560 473 2622 Aeolidos
489 2561 572 2621 lratri
587 2559 747 2621 scribentis
765 2561 874 2632 imago.

210 2643 261 2704 Sic
276 2643 385 2702 videor
399 2644 477 2704 duro
492 2659 585 2720 posse
601 2646 723 2719 placere
739 2642 825 2717 patri.

165 2729 237 2802 lpse
252 2728 338 2786 necis
354 2743 497 2802 cuperem
512 2736 635 2788 nostrae
649 2733 806 2803 spectator
820 2725 953 2794 adesset,

209 2811 414 2887 Auctorisque
430 2813 525 2871 oculis
541 2812 712 2886 exigeretur
727 2825 816 2884 opus.

165 2896 205 2955 Ut
218 2895 303 2954 ierus
319 2901 367 2954 est
380 2897 537 2970 multoque
553 2896 616 2956 suis
631 2893 827 2976 truculentior
844 2891 935 2963 euris,

123 2989 159 3042 10
213 2977 391 3052 Spectasset
406 2979 496 3039 siccis
513 2981 639 3038 vulnera
656 2984 762 3037 nostra
776 2975 873 3050 genis.

167 3061 290 3122 Scilicet
304 3069 351 3122 est
364 3061 495 3137 aliquid,
516 3073 590 3122 cum¹
601 3061 704 3121 saevis
719 3061 823 3119 vivere
839 3058 946 3118 ventis.

208 3145 334 3219 Ingenio
351 3145 457 3221 populi
472 3146 614 3205 convenit
627 3145 678 3204 ille
692 3144 749 3203 sui.

167 3229 220 3288 lllc
233 3229 311 3290 Noto
325 3229 532 3307 Zephyroque
546 3237 576 3289 et
592 3228 729 3290 Sithonio
743 3225 888 3302 Aquiloni

209 3313 354 3388 Imperat,
376 3320 405 3372 ct
420 3314 537 3388 pinnis,
549 3313 639 3372 'Eure
654 3318 813 3388 proterve,
836 3309 906 3368 tuis.

121 3406 158 3458 le
169 3395 301 3471 imperat
313 3397 387 3455 heu!
407 3397 516 3456 ventis.
536 3396 669 3456 tumidae
687 3410 746 3452 non
763 3393 892 3465 imperat
906 3389 985 3449 irae:

209 3479 353 3542 Possidet
367 3487 397 3540 et
411 3479 491 3539 uitiis
505 3495 602 3553 regna
616 3479 734 3537 minora
749 3475 823 3534 suis.

59 2947 70 2978 Ι
