2488 4006
132 225 175 290 86
433 253 438 256 ·
519 221 765 283 HEROIDES.

260 377 334 436 Illuc
348 375 405 436 has
425 374 567 434 lacrimas
586 374 616 434 in
630 388 700 434 mea
718 387 796 434 saxa
809 374 873 433 tuli.

176 467 209 523 te
222 458 274 519 Sic
290 459 407 518 Helene
417 458 536 533 doleat,
557 458 743 531 desertaque
759 457 895 531 coniuge
906 458 1022 534 ploret,

125 613 127 615 ¹
261 541 406 616 Quaeque
420 541 504 616 prior
518 541 607 602 nobis
622 541 735 615 intulit,
758 539 828 615 ipsa
843 540 929 600 leret.
970 567 972 573 ¹

217 624 304 686 Nune
320 622 375 685 tibi
393 626 580 685 conveniunt
595 639 674 700 quae
687 630 718 683 te
735 639 791 699 per
803 630 911 698 aperta
923 631 1095 701 sequantur

260 709 422 783 Aequora,
445 707 597 784 legitimos
615 706 844 782 destituantque
859 707 954 768 viros.

217 789 258 850 At
274 807 342 852 cum
361 807 480 868 pauper
494 807 564 851 eras
579 797 898 866 armentaquepastor
911 790 1042 867 agebas,

175 883 211 938 80
264 874 352 935 Nulla
366 875 425 935 nisi
442 873 567 934 Oenone
589 874 734 950 pauperis
750 889 829 934 uxor
843 879 917 934 erat.
955 897 957 900 ·

218 957 285 1018 Non
301 972 359 1034 ego
377 957 470 1018 miror
485 972 577 1033 opes,
595 972 652 1017 nec
665 973 714 1017 me
727 964 779 1017 tua
793 957 878 1032 regia
891 957 1001 1033 tangit,

260 1041 323 1100 Nec
339 1040 378 1100 de
392 1047 436 1100 tot
450 1039 561 1102 Priami
576 1039 663 1100 dicar
677 1048 709 1101 ut
722 1056 784 1102 una
799 1057 905 1101 nurus.

217 1123 283 1186 Non
298 1131 399 1186 tamen
415 1130 447 1185 ut
458 1123 596 1186 Priamus
612 1122 766 1200 nymphae
782 1139 872 1184 socer
887 1139 958 1186 esse
972 1133 1111 1200 recuset,

259 1209 322 1268 Aut
335 1207 480 1268 Hecubae
492 1208 600 1269 luerim
616 1207 837 1268 dissimulanda
854 1225 961 1269 nurus.

176 1299 211 1353 85
222 1290 384 1366 Dignaque
400 1307 467 1351 sum
483 1287 513 1351 et
528 1291 619 1366 cupio
634 1291 701 1355 lieri
715 1297 854 1350 matrona
869 1293 1017 1366 potentis:

263 1373 339 1434 Sunt
354 1373 442 1448 mihi,
465 1389 542 1448 quas
556 1374 679 1450 possint
694 1381 816 1449 sceptra
834 1373 959 1448 decere,
982 1391 1103 1436 manus.

218 1457 281 1516 Nec
296 1473 362 1530 me,
383 1457 503 1532 faginea
519 1458 604 1532 quod
617 1464 718 1517 tecum
732 1457 841 1517 fronde
855 1458 1008 1534 iacebam,

260 1539 403 1616 Despice.
434 1535 590 1616 purpureo
606 1557 674 1600 sum
689 1541 787 1614 magis
802 1547 874 1616 apta
887 1549 965 1602 toro.

219 1624 358 1698 Denique
371 1629 453 1684 tutus
469 1639 555 1684 amor
568 1638 656 1684 meus
672 1623 797 1686 esttibi.
830 1625 913 1684 nulla
927 1631 1075 1700 parantur

176 1715 211 1770 90
252 1707 352 1782 Bella,
373 1722 431 1767 nec
445 1707 571 1768 ultrices
586 1705 710 1766 advehit
723 1706 807 1767 unda
822 1715 913 1768 rates.

218 1790 370 1866 Tyndaris
388 1790 507 1850 infestis
522 1790 650 1865 fugitiva
665 1790 837 1866 reposcitur
851 1791 956 1851 armis:

233 1927 237 1934 .
259 1874 325 1934 Hac
340 1875 423 1934 venit
438 1874 468 1932 in
483 1873 632 1934 thalamos
648 1873 719 1934 dote
734 1873 867 1949 superba
882 1881 974 1936 tuos..

219 1957 302 2030 Quae
317 1957 344 2017 si
358 1958 396 2017 sit
408 1956 523 2018 Danais
539 1957 711 2029 reddenda,
732 1959 781 2018 vel
795 1959 927 2018 Hectora
941 1958 1080 2033 tratrem,

262 2041 319 2100 Vel
334 2056 402 2100 cum
416 2040 578 2117 Deiphobo
592 2041 813 2116 Polydamanta
827 2056 911 2116 roga.

176 2131 210 2186 95
222 2123 300 2198 Quid
315 2125 418 2198 gravis
433 2124 585 2199 Antenor,
605 2124 743 2184 Priamus
760 2124 832 2200 quid
846 2123 974 2185 suadeat
991 2125 1076 2200 ipse,

133 2273 137 2281 ,
262 2208 408 2280 Consule,
430 2209 499 2282 quis
513 2210 706 2288 aeus-longa
720 2209 865 2282 magistra
880 2208 944 2267 luit,

217 2290 318 2365 Turpe
331 2290 549 2365 rudimentum,
565 2291 682 2368 patriae
697 2307 890 2366 praeponere
904 2299 1031 2374 raptam,

260 2375 360 2434 Causa
375 2373 521 2449 pudenda
534 2381 587 2435 tua
602 2380 658 2435 est.
688 2374 769 2435 iusta
782 2375 829 2434 vir
844 2389 928 2433 arma
943 2381 1055 2434 movet.

218 2457 279 2516 Nee
292 2457 360 2528 tibi,
384 2458 410 2516 si
424 2457 543 2532 sapias,
559 2458 651 2519 fidam
666 2458 807 2532 promitte
821 2457 1007 2533 Lacaenam,

156 2548 208 2602 100
262 2539 345 2614 Quae
363 2539 447 2600 sitin
462 2543 621 2615 amplexus
635 2547 698 2601 tam
712 2541 771 2600 cito
789 2555 878 2600 versa
892 2548 971 2602 tuos.

219 2623 257 2684 Ut
273 2624 371 2682 minor
384 2623 508 2684 Atrides
524 2623 659 2684 temerati
674 2624 800 2684 loedere
814 2625 883 2683 lecti

261 2707 388 2781 Clamat,
411 2712 441 2766 et
457 2713 584 2768 externo
599 2709 703 2768 laesus
719 2721 824 2766 amore
839 2706 936 2782 dolet,

217 2787 261 2847 Tu
277 2805 401 2866 quoque
416 2788 572 2850 elamabis.
603 2790 691 2850 Nulla
704 2789 885 2866 reparabilis
901 2795 965 2850 arte

259 2873 360 2933 Laesa
373 2873 521 2948 pudicitia
536 2880 593 2934 est.
623 2873 743 2948 deperit
756 2874 807 2932 illa
822 2874 928 2934 semel.

156 2962 206 3019 105
217 2953 314 3015 Ardet
327 2956 511 3018 amore-tuit
539 2957 585 3016 sic
599 2963 629 3017 et
641 2957 803 3017 Menelaon
820 2957 943 3016 amavit.

260 3038 347 3098 Nunc
360 3039 440 3100 iacet
453 3040 483 3100 in
498 3040 592 3102 viduo
608 3040 753 3102 credulus
768 3041 819 3100 ille
834 3047 912 3100 toro.

110 3188 111 3192 Ἰ
218 3121 305 3181 Felix
318 3123 550 3199 Andromache,
573 3130 657 3184 certo
671 3124 752 3185 benc
768 3129 863 3199 nupta
876 3123 995 3184 marito.

261 3205 347 3266 Uxor
359 3205 401 3265 ad
416 3208 590 3282 exemplum
605 3207 705 3268 fratris
723 3207 867 3268 habenda
882 3207 934 3267 lui.

218 3287 262 3348 Tu
276 3289 374 3350 levior
387 3290 484 3366 loliis,
506 3296 569 3352 tum
584 3307 653 3351 eum
670 3292 737 3351 sine
752 3291 892 3366 pondere
907 3290 974 3351 suoi

155 3380 207 3432 110
258 3371 423 3435 Mobilibus
440 3375 539 3435 ventis
555 3374 641 3435 arida
657 3375 736 3435 lacta
749 3376 865 3445 volant.

218 3454 256 3515 Et
270 3455 369 3516 minus
385 3464 433 3520 est
447 3457 477 3517 in
494 3464 539 3532 te,
562 3473 655 3532 quam
670 3474 789 3518 summa
803 3458 927 3534 pondus
943 3457 1053 3528 arista,
