2488 4006
88 236 154 294 xv.
170 227 676 335 [scultennam-aruum.
691 228 1014 308 [xvnprratanna.
1047 227 1108 292 tus

109 394 160 448 ³45
171 384 303 443 Phasida
320 399 423 457 puppe
437 397 520 442 nova
534 381 619 440 vexit
629 380 798 454 Pagaseius
812 381 913 455 lason,

214 468 313 526 Laesa
327 481 429 540 neque
441 473 489 524 est
504 464 617 523 Colcha
630 464 777 523 Thessala
792 471 871 525 terra
887 481 987 524 manu.

172 551 213 610 Te
227 565 350 624 quoque
367 549 418 623 qui
432 547 545 623 rapuit,
565 549 664 622 rapuit
679 548 815 607 Minoida
829 547 979 608 Theseus:

213 634 301 694 Nulla
316 640 415 693 tamen
430 632 531 694 Minos
550 631 654 690 Cretas
670 633 709 690 ad
726 647 809 690 arma
823 639 923 692 vocat.

171 718 280 778 Terror
294 718 323 775 in
339 717 387 775 his
403 717 472 791 ipsc
488 715 584 776 maior
602 718 680 775 solet
694 731 766 774 esse
781 715 912 789 periclo:

108 810 161 863 350
215 800 341 875 Quaque
355 802 460 860 timere
475 799 571 873 libet,·
584 800 776 873 pertimuisse
792 798 895 872 pudet.

171 883 266 958 Finge
280 891 395 956 tamen,
418 885 444 943 si
458 885 522 957 vis,
545 884 652 956 ingens
669 897 855 956 consurgere
869 880 996 941 bellum:

71 983 77 990 “
119 998 123 1002 -
213 967 337 1027 Etmilii
354 967 534 1037 suntvires,
558 973 587 1026 cl
604 968 880 1026 meatelanocenl.
1027 1033 1032 1045 ¹

172 1051 234 1108 Nec
246 1051 346 1110 minor
362 1059 409 1110 est
423 1051 531 1120 Asiae,
556 1066 646 1122 quam
660 1057 783 1108 vestrae
798 1049 888 1120 copia
902 1054 1015 1106 terrae:

185 1165 198 1184 ·
214 1133 268 1200 Illa
279 1134 356 1192 viris
371 1133 475 1203 dives
499 1133 587 1190 dives
604 1133 739 1191 abundat
754 1132 852 1205 equis.

107 1226 161 1280 355
171 1216 233 1275 Nec
249 1218 319 1289 plus·
334 1215 456 1274 Atrides
473 1215 563 1273 animi
577 1214 735 1274 Menelaus
753 1213 885 1282 habebit,

215 1300 311 1373 Quam
325 1299 426 1371 PariS,
450 1305 501 1357 aut
517 1299 607 1357 armis
624 1297 839 1356 anteferendus
854 1297 918 1354 erit.

172 1382 272 1442 Paene
287 1398 364 1457 puer
379 1382 479 1442 caesis
497 1382 628 1441 abducta
638 1388 781 1441 armenta
797 1379 901 1454 recepi

214 1466 375 1540 Hostibus,
396 1472 426 1524 et
441 1481 563 1525 causam
579 1465 712 1524 nominis
726 1465 796 1524 inde
814 1464 876 1522 tuli,
934 1497 937 1500 -

170 1549 271 1609 Paene
289 1565 364 1624 puer
379 1550 506 1608 iuvenes
525 1549 608 1609 vario
626 1549 789 1608 certamine
804 1548 874 1619 vici,

109 1642 162 1697 360
215 1633 248 1690 In
264 1632 374 1706 quibus
389 1631 524 1690 Ilioneus
539 1631 782 1706 Deiphobusque
797 1631 859 1689 luit.

172 1716 256 1774 Neve
271 1721 375 1789 pules,
396 1731 458 1774 non
474 1731 521 1772 rne
536 1716 595 1774 nisi
611 1717 781 1774 cornminus
798 1729 868 1772 csse
884 1710 1063 1772 timendum:

213 1797 328 1872 Figitur
343 1801 372 1857 in
388 1799 473 1858 iusso
490 1805 596 1857 nostra
611 1799 720 1872 sagitta
735 1798 816 1857 loco.

171 1881 248 1941 Num
266 1889 353 1956 potes
369 1881 446 1940 haec
460 1882 503 1940 illi
518 1881 633 1956 primae
648 1881 722 1940 dare
738 1882 816 1940 lacta
830 1881 979 1951 iuventae,
1027 1938 1029 1941 ,

213 1965 367 2024 Instruere
383 1966 507 2025 Atriden
524 1981 595 2026 num
611 1973 699 2038 poles
715 1973 779 2024 arte
793 1970 881 2023 mea?

108 2058 160 2111 365
173 2049 280 2108 Omnia
295 2050 321 2108 si
336 2049 475 2122 dederis,
498 2048 645 2122 numquid
659 2047 748 2108 dabis
762 2049 894 2107 Hectora
909 2046 1052 2104 tratrem?

214 2133 298 2192 Unus
315 2133 343 2190 is
357 2133 505 2190 innumeri
522 2132 621 2191 militis
637 2132 733 2191 instar
746 2132 845 2190 habet.

173 2214 251 2288 Quid
270 2218 386 2274 valeam
400 2217 519 2288 nesciS,
541 2223 570 2274 et
586 2223 615 2274 te
630 2232 697 2274 mea
712 2215 824 2276 robora
841 2215 961 2274 fallunt:
1052 2255 1056 2261 .

214 2299 356 2372 lgncraS,
380 2299 428 2358 cui
443 2299 487 2358 sis
502 2307 597 2372 nupta
610 2300 710 2358 lutura
724 2301 802 2358 viro.

171 2381 234 2440 Aut
247 2383 336 2455 igitur
353 2383 435 2442 nullo
449 2382 521 2440 belli
536 2390 673 2456 repetere
691 2383 827 2455 tumultu,
853 2416 855 2420 ·
957 2427 958 2430 ,

106 2469 162 2526 370
214 2467 275 2523 Aut
289 2465 398 2524 cedent
412 2467 499 2524 marti
513 2466 624 2524 Dorica
640 2472 740 2524 castra
754 2482 832 2527 meo.

172 2546 236 2606 Nec
249 2555 349 2606 tamen
363 2548 502 2622 indigner
518 2565 574 2623 pro
589 2555 673 2608 tanta
688 2565 809 2609 sumere
824 2551 935 2608 ierrum

216 2629 360 2704 Coniuge.
383 2639 534 2690 certarnen
551 2632 685 2705 praemia
699 2648 809 2706 magna
823 2639 954 2692 movent.

173 2714 218 2772 Tu
234 2730 373 2788 quoque,
396 2715 422 2773 si
439 2715 477 2773 de
493 2723 523 2774 te
540 2721 622 2777 totus
640 2717 830 2776 contenderit
845 2716 938 2786 orbis

214 2797 330 2859 Nomen
346 2795 384 2856 ab
399 2804 521 2857 aeterna
538 2798 716 2873 posteritate
730 2800 827 2860 lenes:

105 2885 159 2940 375
172 2878 234 2955 Spe
249 2881 340 2940 modo
357 2897 418 2939 non
433 2881 538 2941 timida
553 2882 601 2942 dis
616 2882 687 2942 hinc
702 2899 831 2957 egressa
845 2882 991 2943 secundis

214 2963 310 3037 Exige
325 2980 393 3024 cum
408 2965 500 3039 plena
513 2982 639 3026 munera
654 2975 744 3041 pacta
758 2969 828 3028 fide.

554 3181 631 3242 xvt.

171 3257 263 3354 Nunc
279 3298 385 3358 oculus
400 3306 452 3358 tua
467 3315 535 3359 cum
549 3297 670 3359 violarit
687 3299 817 3373 epistola
833 3306 966 3370 nostros,

213 3379 279 3438 Non
295 3381 484 3441 rescribendi
501 3383 599 3456 gloria
618 3382 684 3443 visa
703 3382 788 3440 levis.

170 3462 275 3523 Ausus
291 3481 326 3524 es
340 3465 465 3540 hospitii
484 3466 651 3537 temeratis,
675 3465 810 3533 advena,
830 3463 927 3524 sacris
