2498 4008
165 355 227 420 228
526 352 665 414 ARTIS
688 353 824 412 ΑΜΑΤ.

246 508 373 568 Nomine
389 511 551 580 suspectas
566 505 625 563 iam
642 503 766 578 spiritus
781 504 845 563 exit
857 505 886 562 in
901 518 1008 563 ouras:

287 589 403 662 Labor,
424 589 469 664 io,
492 603 564 648 cara
579 588 694 646 lumina
708 587 807 646 conde
822 591 941 646 manul’
1057 655 1058 658 Ἴ

136 747 141 758 κ
246 674 342 749 Dixit,
364 681 395 734 et
410 675 532 733 incauto
548 671 692 746 paulatim
707 679 838 745 pectore
846 671 953 746 lapsus

287 757 444 831 Excipitur
458 756 560 815 miseri
575 755 700 828 spiritus
715 769 769 812 ure
783 755 851 813 viri.

183 841 298 904 7751770
313 841 382 900 sinu
397 840 540 899 dominae
554 838 713 898 morientia
727 852 859 913 corpora
873 844 991 896 maesto

289 923 437 997 Sustinet,
459 929 489 982 et
502 921 634 981 lacrimis
651 923 776 982 vulnera
790 935 885 980 saeva
898 921 990 980 lavat.

247 1007 309 1068 Sed
323 1013 498 1082 repetamus
514 1020 603 1079 opus.
625 1003 698 1064 mihi
712 1003 803 1064 nudis
818 1003 910 1063 rebus
925 1003 1059 1064 eundum
1074 1009 1133 1077 est,

287 1091 327 1150 Ut
341 1097 444 1164 tangat
459 1095 566 1165 portus
581 1089 665 1148 fessa
679 1088 783 1147 carina
797 1103 883 1149 suos.

248 1173 370 1235 Scilicet
384 1181 546 1250 expectes
567 1173 639 1232 dum
653 1179 683 1232 te
700 1172 730 1230 in
746 1173 887 1232 convivia
901 1171 1023 1241 ducarn,

182 1264 234 1321 750
285 1257 323 1317 Et
337 1257 460 1332 quaeris
476 1255 610 1316 monitus
625 1255 684 1314 hac
700 1271 824 1330 quoquc
842 1261 927 1330 parte
941 1259 1052 1314 meost

248 1339 324 1401 Sera
337 1338 423 1414 veni,
444 1340 608 1415 positaque
623 1339 737 1399 decens
752 1340 862 1399 incede
879 1339 1013 1398 lucerna.

288 1424 379 1484 Grata
393 1438 479 1483 mora
493 1431 555 1483 estc
577 1421 707 1482 Veneris
721 1423 854 1482 maxima
868 1424 939 1482 lena
952 1429 1112 1482 moreest.

244 1507 309 1566 Etsi
324 1506 420 1582 turpis
435 1506 511 1581 eris,
536 1506 693 1566 formonsa
706 1506 852 1566 videbere
866 1507 956 1580 potis,

141 1593 146 1598 “
288 1590 326 1650 Et
339 1588 471 1650 latebras
485 1590 566 1650 vitiis
581 1604 645 1649 nox
660 1589 744 1649 dabit
757 1591 826 1664 ipsa
838 1592 907 1650 tuis.

182 1681 232 1736 755
246 1673 343 1750 Carpe
359 1673 446 1733 cibos
461 1671 573 1750 digitis.
598 1680 646 1733 est
662 1674 808 1748 quiddam
823 1679 929 1748 gastim
945 1672 1072 1733 edendi=

288 1757 347 1817 Ora
361 1771 419 1816 nec
433 1757 588 1817 immunda
601 1763 666 1816 totu
682 1773 841 1832 perungue
855 1773 956 1818 manu.

246 1839 318 1900 Sive
333 1839 416 1900 dorni
431 1855 592 1915 praesume
608 1841 720 1916 dapes,
742 1857 799 1901 seu
814 1841 922 1901 desine
936 1841 1018 1914 citra,

287 1923 384 1998 Quam
399 1924 501 1998 euple,
522 1929 552 1983 et
566 1925 674 1999 paulo,
695 1939 786 1999 quarn
801 1933 906 2000 potes,
930 1940 1016 1997 esse,
1034 1925 1133 1998 prius.

244 2006 410 2068 Priamides
424 2005 561 2067 Helenen
578 2007 669 2068 avide
684 2009 709 2068 si
724 2015 843 2084 spectet
856 2009 1006 2081 edentem,

180 2099 233 2155 700
287 2091 403 2164 Oderit,
427 2097 458 2150 et
472 2091 553 2152 dicat
568 2091 673 2151 ‘stulta
686 2093 793 2168 rapina
807 2108 876 2152 mea
889 2097 958 2152 est?

244 2175 355 2250 Aptius
369 2181 430 2247 est,
454 2175 623 2250 deceatque
640 2177 738 2250 magis
753 2183 860 2251 potare
875 2176 1005 2250 puellas.

287 2259 360 2318 Cum
374 2258 504 2318 Veneris
520 2273 618 2334 puero
632 2275 695 2319 non
710 2262 804 2334 male,
821 2259 957 2333 Bacche,
980 2259 1067 2318 lacis.

243 2343 450 2416 Hocquoque,
467 2342 818 2419 quapatienscaputest,
835 2343 1016 2418 animusque
1022 2341 1184 2418 pedesque

287 2425 443 2486 Constant.
464 2441 537 2500 nec,
562 2435 725 2502 quaesunt
740 2426 874 2502 singula,
894 2427 966 2486 bina
979 2427 1061 2488 vide.

181 2515 231 2572 765
242 2507 341 2583 Turpe
355 2510 459 2569 iacens
475 2509 583 2570 mulier
596 2510 689 2570 multo
704 2511 874 2571 madefacta
889 2511 1010 2586 Lyaeo:

284 2592 383 2667 Digna
398 2598 445 2652 est
459 2593 640 2654 concubitus
657 2594 810 2670 quoslibet
824 2595 875 2653 illa
890 2593 962 2669 pati.

243 2675 305 2734 Nec
321 2676 437 2736 somnis
451 2678 554 2752 posita
567 2684 664 2738 tutum
679 2679 879 2754 succumbere
893 2693 1009 2738 mensa.
1228 2701 1229 2743 7

284 2758 342 2819 Per
356 2775 483 2821 somnos
498 2761 564 2822 lieri
578 2763 671 2822 multa
681 2763 831 2838 pudenda
844 2765 952 2822 solent.
1227 2767 1228 2837 t

242 2841 393 2903 Ulteriora
407 2845 503 2920 pudet
516 2845 673 2908 docuisse.
711 2845 774 2906 Sed
789 2845 980 2906 almaDione
1226 2855 1227 2860 ’

179 2931 231 2988 770
284 2925 462 3003 ‘Praecipue
476 2934 615 2988 nostrum
631 2936 693 3000 est,
711 2928 795 3005 quod
810 2930 917 3005 pudet’
932 2927 1031 3002 inquit
1045 2929 1161 3002 ‘opus’

242 3008 320 3069 Nota
334 3010 393 3068 sibi
408 3011 469 3070 sint
483 3025 635 3087 quaeque.
671 3012 782 3073 Medos
797 3029 815 3072 a
831 3028 963 3089 corpore
977 3017 1080 3072 certos

283 3089 409 3153 Sinnite.
430 3108 492 3152 non
507 3097 606 3155 omnis
621 3111 682 3156 una
695 3097 795 3172 figura
808 3096 910 3157 dccet.

243 3171 328 3249 Quae
343 3175 421 3237 facie
435 3177 608 3253 praesignis
624 3180 698 3255 0777,1
714 3181 862 3258 resupina
875 3181 988 3242 laceto:

284 3259 466 3335 Spectentur
479 3265 580 3336 tergo,
606 3261 675 3336 quis
690 3280 746 3324 sua
758 3272 846 3340 terga
860 3265 991 3341 placent.

179 3345 230 3404 775
240 3339 386 3403 Milanion
399 3345 512 3405 umeris
528 3347 685 3408 Atalantes
700 3362 790 3409 crura
804 3349 936 3409 70707077

286 3423 318 3484 Si
333 3425 513 3501 benacum,
535 3428 595 3489 hoc
606 3437 680 3490 sunt
697 3435 877 3509 accipienda
893 3433 998 3494 modo.

241 3505 338 3565 Parva
351 3508 479 3570 vehatur
493 3525 584 3586 equo.
607 3515 690 3586 quod
705 3524 770 3576 erat
783 3518 979 3591 longissima,
997 3532 1165 3593 numquam
1208 3563 1211 3570 ,

282 3587 413 3651 Thebais
428 3593 579 3656 Hectoreo
593 3606 688 3674 nupta
700 3601 818 3662 resedit
832 3617 925 3677 equo.
