2488 4006
187 272 413 355 xvru1.1xx.1
450 275 513 334 xx.
532 274 634 354 [xxi]
653 273 850 348 assuens.
884 274 975 356 [xva
1028 274 1098 338 15⁹

197 430 380 489 Promissam
394 424 493 486 scires
507 441 556 484 me
571 425 646 486 sniis
661 441 733 486 esse
747 428 852 504 semel.

127 513 216 576 sNeo
231 513 344 570 lectura
359 510 410 569 iui.
434 509 504 584 sed,
527 509 553 569 si
568 507 622 568 tibi
637 509 714 568 dura
730 510 867 585 fuissem,

198 598 297 656 Aucta
311 594 389 653 iores
404 607 517 652 saevae
530 591 656 656 forsitan
671 593 717 652 ira
731 593 818 654 deso.

157 678 263 738 Omnia
278 693 346 738 oum
360 676 485 749 isaiam,
508 691 575 736 sum
592 676 662 736 dem
679 676 730 750 pio
744 683 812 736 turo
826 675 954 751 Dionae,

198 762 253 820 llla
267 767 366 820 iumen
382 758 462 820 iusto
475 760 545 833 plus
559 758 613 818 tibi
631 767 716 834 porte
731 760 822 834 iavet,

154 846 255 918 thue
268 845 356 919 cupis
372 843 470 915 credi,
493 843 620 902 memori
633 849 663 902 ie
677 843 813 903 vindieat
829 843 888 902 iras

113 937 147 989 10
199 928 279 988 Talis
295 928 325 986 in
339 927 507 1004 Hippolyto
522 927 574 985 vix
588 927 644 986 iuit
656 926 708 985 illo
721 943 791 987 suo.

154 1013 194 1070 Ai
210 1011 318 1070 melius
332 1011 418 1094 virgo
434 1008 562 1069 favisset
576 1009 701 1084 virginis
717 1009 814 1083 annIs,

197 1094 279 1167 Quos
294 1109 404 1153 vereor
415 1107 533 1167 paucos
549 1107 588 1152 ne
602 1093 676 1150 velit
689 1108 761 1153 esse
775 1091 858 1151 mihi.

311 1303 404 1385 [κν]
439 1305 623 1368 sperno
648 1305 838 1368 eononr.

155 1386 292 1498 Ecquid,
313 1428 347 1483 ut
361 1424 503 1499 adspecta
516 1428 561 1483 est
573 1424 720 1483 studiosae
732 1425 831 1483 littera
845 1423 985 1495 menae,

122 1502 159 1540 ‘4
196 1507 335 1566 I>rotinus
350 1513 394 1566 est
405 1510 497 1567 oculis
510 1509 628 1580 oopnito
642 1513 743 1566 nostra
757 1509 822 1579 tuis,

153 1590 216 1662 An,
237 1592 297 1649 nisi
308 1592 427 1663 iepisses
440 1593 569 1650 auomris
582 1593 701 1648 nomina
714 1589 862 1665 Sapphus,

194 1673 259 1732 Hoc
273 1674 358 1732 breue
371 1675 500 1732 nescires
513 1673 593 1731 unde
606 1680 736 1732 monetur
748 1671 843 1748 opas?

125 1757 350 1833 waratonem
371 1771 466 1830 quare
479 1771 545 1814 mea
558 1757 619 1814 sint
631 1759 763 1829 alterna,
782 1759 927 1830 requiris,

195 1839 350 1912 Carmina,
373 1855 439 1898 oum
453 1841 555 1914 tyrtm’s
567 1840 622 1897 sim
636 1841 732 1911 manis
745 1846 817 1912 apta
830 1841 933 1900 modis

152 1923 383 1983 Ftendusamon
397 1938 477 1984 mens
490 1928 541 1981 est.
563 1923 675 1994 etepeia
684 1922 783 1994 flebile
795 1937 936 1982 carmen.-
999 1927 1004 1934 ’

196 2007 260 2066 Non
270 2005 352 2079 faoit
364 2006 408 2065 od
418 2008 560 2066 lacrimas
572 2005 700 2064 barbitos
714 2007 777 2064 aila
790 2021 880 2064 meas.

157 2088 246 2162 Uror,
268 2096 302 2149 nt
313 2090 460 2150 indomitis
473 2092 571 2162 ionem
584 2089 787 2148 exercentibus
800 2091 880 2148 euris

109 2183 146 2236 10
196 2171 315 2232 Fertilis
327 2175 459 2233 neruosis
472 2173 611 2234 messibus
624 2173 713 2232 ardet
725 2188 807 2245 aper.

154 2257 235 2320 Arva
247 2255 351 2316 Phaon
365 2257 496 2316 celebrat
507 2257 626 2316 muoso
643 2255 809 2330 ippnoedos
823 2253 954 2316 nenne.-

193 2339 246 2398 Me
258 2342 341 2400 calor
353 2337 556 2400 Aetnaeo'non
569 2341 666 2399 minor
678 2341 747 2413 ipne
760 2344 844 2398 tenet

150 2422 213 2482 Neo
227 2424 311 2496 mihi,
333 2423 480 2498 dispositis
494 2439 570 2498 quae
582 2425 703 2496 iunpam
718 2425 854 2482 earmina
868 2423 980 2495 neruis,
1073 2433 1077 2449 ·

193 2506 380 2566 Proveniant.
401 2523 514 2568 uacuae
526 2509 664 2566 carmina
678 2507 782 2566 mentes
794 2521 878 2580 opus.

109 2599 143 2651 15
153 2589 215 2649 Nee
229 2605 276 2649 me
288 2591 471 2665 Pyrrhiades
485 2590 755 2666 Methymniadesve
766 2591 897 2663 paellae,
960 2608 963 2614 ·

192 2673 254 2733 Nee
269 2689 315 2732 me
327 2673 501 2734 Lesbiadum
514 2681 614 2735 cetera
627 2673 713 2732 mrbn
726 2675 836 2733 iuuant.

158 2757 230 2817 Vitis
243 2756 415 2832 Anactorie,
437 2760 502 2818 nilis
515 2759 588 2818 nubi
598 2757 732 2817 eandida
746 2755 856 2831 Cydno,

192 2838 258 2898 Non
271 2843 363 2901 ocutis
374 2847 466 2915 prata
478 2847 522 2901 est
534 2841 642 2914 Atthis,
662 2846 695 2899 ut
708 2846 791 2912 ante,
813 2839 894 2911 meis,

157 2923 243 2998 itque
256 2925 336 3001 aime
348 2929 478 2998 centum,
500 2941 574 2999 quas
588 2941 647 2984 non
659 2925 722 2983 sine
735 2925 861 2983 erimine
872 2924 986 2982 amam.

108 3014 144 3068 20
195 3007 346 3082 Improbe,
368 3011 527 3068 mattarum
541 3009 622 3083 quod
630 3007 705 3080 fuit,
724 3022 804 3066 anus
817 3005 915 3066 habes.

148 3089 204 3150 Est
217 3092 247 3149 in
264 3095 292 3150 te
301 3090 413 3165 socies,
434 3098 504 3152 sunt
516 3095 581 3168 apti
590 3092 702 3151 lusibus
718 3093 808 3151 anni:

193 3173 429 3247 Osaaiesoeedis
441 3172 689 3236 esidiosomns!
998 3199 1001 3205 ·

149 3256 239 3318 Sume
250 3259 340 3331 fidem
354 3264 385 3319 et
393 3260 585 3336 pharetram,
604 3263 659 3332 fies
672 3257 848 3331 manifestus
861 3253 990 3330 Apollo:
1111 3259 1127 3344 ὲ,

189 3341 342 3402 Accedant
354 3345 448 3418 copiti
460 3359 589 3416 cornua,
610 3342 751 3402 Bacchus
764 3343 833 3400 eris.
1118 3345 1122 3360 ¹

103 3433 138 3487 25
150 3423 192 3486 Et
203 3427 338 3486 Phoebus
348 3427 511 3502 Daphnen,
532 3432 562 3486 et
575 3426 706 3486 Gnosida
722 3423 863 3483 Bacchus
877 3424 1003 3496 amauit,

189 3509 252 3571 Nee
265 3515 354 3570 norm
366 3513 474 3588 lyricos
487 3513 541 3571 itta
556 3513 602 3570 oet
613 3512 668 3569 ilia
681 3507 790 3568 modos.
