2488 4006
160 245 223 305 xu.
246 239 555 335 111111-111.
585 239 984 301 1111111111-
998 236 1050 296 es.
1078 232 1139 295 us

199 397 318 454 Ventus
334 398 400 451 erat
413 393 512 452 nautis
530 400 633 468 aptus,
653 408 714 451 non
730 401 821 468 aptus
835 397 961 454 amantia

227 547 230 554 Ι
245 477 356 537 Solvor
370 476 408 535 ab
424 477 583 551 amplexu,
603 477 784 550 Protesilao,
805 486 867 551 tuo,

167 635 169 640 ,
201 561 382 643 Linguaque
396 561 568 620 mandantis
584 561 679 620 verba
692 563 870 635 iniperl'ecta
884 563 1020 636 reliquit:
1064 589 1067 594 ·

243 645 306 704 Vix
321 643 394 703 illud
408 644 495 718 potui
512 645 615 704 dicere
629 645 714 704 triste
728 635 808 702 vale!

161 737 195 792 15
205 727 346 788 Incubuit
360 727 489 800 boreas,
513 728 702 804 abreptaque
719 729 790 788 1111
804 728 945 789 telendit:

244 813 371 887 lamque
386 827 472 871 meus
487 811 580 886 longe
594 813 781 872 Protesilaus
796 818 888 871 erat.-

201 898 278 958 Dum
296 896 380 972 potui
392 903 534 970 spectare
550 897 662 977 virum,
686 903 826 970 spectare
841 895 977 956 iuvabat:

246 980 384 1054 Sumque
396 986 467 1039 tuos
481 982 590 1038 oculos
607 995 706 1054 usque
722 981 929 1040 secutameis.

201 1064 241 1124 Ut
255 1071 285 1122 le
299 1079 361 1121 non
377 1067 529 1138 poteram,
544 1062 689 1136 'poteram
704 1063 843 1122 tuavela
858 1063 973 1136 videre,

158 1157 195 1209 1ο
246 1146 325 1206 Vela
340 1145 392 1205 diu
407 1144 508 1204 vultus
524 1145 681 1206 detinuere
696 1160 792 1204 meos.

201 1231 241 1288 At
257 1235 421 1304 postquam
436 1244 494 1288 nec
508 1235 553 1302 te,
577 1243 635 1286 nec
650 1229 719 1286 vela
734 1227 855 1302 sagacia
868 1227 940 1299 vidi,

243 1314 281 1372 lit
297 1313 381 1386 quod
397 1319 583 1386 spectarem,
605 1311 647 1369 nil
662 1313 721 1372 nisi
739 1318 851 1386 pontus
868 1319 941 1382 erat,

202 1398 269 1456 Lux
284 1411 408 1470 quoque
423 1401 523 1454 tecum
538 1395 625 1467 abiit,
647 1395 844 1470 tenebrisque
858 1397 1009 1470 exanguis
1025 1395 1142 1458 obortis

247 1479 399 1540 Succiduo
416 1478 503 1539 dicor
517 1479 721 1553 procubuisse
736 1494 824 1552 genu.

159 1573 195 1626 15
205 1565 266 1624 Vix
281 1579 372 1622 socer
386 1561 535 1636 Iphiclus,
558 1563 612 1621 vix
628 1579 677 1622 me
692 1563 886 1637 grandaevus
903 1565 1044 1638 11111111,

244 1647 306 1705 Vix
321 1652 418 1705 mater
432 1646 534 1720 gelida
551 1654 668 1706 maesta
684 1647 791 1706 reiecit
807 1661 895 1721 aqua.

204 1729 343 1790 Officium
358 1729 460 1789 iecere
476 1729 572 1804 pium,
595 1731 651 1799 sed
666 1731 771 1790 inutile
786 1729 885 1790 nobis.
958 1763 962 1768 -
1046 1755 1049 1762 ⁴

245 1813 392 1888 indignor
404 1813 536 1872 miserae
550 1827 611 1872 non
627 1813 753 1873 licuisse
767 1814 855 1872 muri.

200 1897 241 1958 Ut
254 1897 343 1956 rediit
359 1896 493 1969 animus,
517 1897 630 1971 pariter
643 1897 765 1957 rediere
781 1898 915 1957 dolores.

158 1987 195 2042 30
247 1979 374 2040 Pectora
389 1980 540 2054 legitimus
556 1988 641 2040 casta
655 1980 820 2040 momordit
835 1994 930 2040 amor.

202 2063 265 2124 Nec
280 2064 352 2122 mihi
369 2064 539 2139 pectendos
557 2081 630 2123 cora
644 2072 692 2124 est
708 2065 856 2139 praebere
871 2065 1009 2138 capillos,
1098 2059 1101 2063 ’

242 2149 305 2206 Ν11
320 2146 394 2206 libet
408 2155 513 2207 aurata
528 2163 660 2223 corpora
675 2156 763 2208 vesle
777 2149 847 2222 legi.

202 2232 242 2291 Ut
257 2247 334 2306 quas
351 2232 514 2305 pampinea
528 2233 666 2306 tetigisse
679 2231 858 2305 Bicorniger
873 2232 962 2291 hasta

246 2315 398 2385 creditur,
421 2314 482 2374 huc
497 2315 582 2387 illuc,
607 2331 668 2389 qua
684 2317 769 2375 luror
783 2315 860 2392 egil,
883 2330 931 2373 eo.

159 2398 524 2461 3501111111111111111
540 2397 758 2474 Phylaceides,
782 2404 811 2457 11
826 2398 899 2456 nrihiv
916 2399 1050 2458 clamant

246 2482 354 2541 ‘Indue
368 2482 505 2556 regales,
527 2481 709 2556 Laodamia,
732 2481 847 2542 sinust'

203 2563 326 2625 Scilicet
341 2567 409 2640 ipsa
423 2580 527 2640 geram
543 2572 694 2625 saturatas
711 2565 825 2626 murice
841 2567 936 2637 11111,

245 2649 332 2708 Bella
349 2648 406 2709 sub
421 2650 521 2708 Iliacis
536 2651 696 2709 moenibus
713 2649 763 2707 ille
777 2655 883 2722 gerat?

202 2731 395 2806 Ipsa'comas
411 2740 531 2808 pectar,
555 2734 644 2807 galea
659 2739 750 2808 caput
765 2732 815 2790 ille
832 2739 1000 2806 prematur:

158 2823 193 2876 11
246 2817 318 2891 lpsa
333 2831 432 2876 novas
450 2824 567 2890 vestes,
591 2818 667 2876 dura
682 2818 729 2874 vir
743 2831 827 2874 arma
843 2817 939 2876 ierat?

201 2899 267 2973 Qua
284 2915 426 2974 possum,
448 2901 593 2974 squalore
607 2911 677 2961 tuos
695 2900 809 2959 imitata
823 2899 946 2960 labores

243 2983 347 3058 Dicar,
370 2983 491 3043 ethaeo
507 2983 579 3044 bclli
596 2992 734 3060 ternpore
748 2984 841 3044 tristis
858 2999 956 3057 agam.

200 3067 334 3142 Dyspari
350 3067 516 3139 Priamide,
540 3068 651 3128 damno
668 3071 803 3127 formose
817 3075 944 3141 luorum,

242 3151 314 3208 Tam
329 3151 373 3210 sis
390 3151 489 3210 hostis
507 3152 605 3224 incra,
629 3169 719 3228 quarn
737 3155 834 3211 malus
849 3151 967 3225 hospes
982 3165 1061 3209 eras.

156 3240 191 3293 45
201 3234 265 3292 Aut
278 3241 308 3292 11
321 3233 488 3295 Taenariae
505 3236 615 3294 faciem
633 3237 777 3310 culpasse
792 3235 926 3306 maritae,

241 3319 303 3376 Aut
320 3318 362 3376 illi
377 3321 487 3378 vellem
504 3319 702 3393 displicuisse
717 3326 808 3378 tuam.

197 3399 256 3472 Tu,
278 3401 329 3474 qui
344 3417 401 3476 pro
415 3409 505 3476 rapta
519 3395 659 3475 nimium,
682 3401 835 3474 Menelae,
857 3399 990 3471 laboras,
1071 3471 1078 3478 Ι

239 3483 274 3542 Ei
292 3483 379 3559 mihi,
403 3503 495 3562 quarn
509 3487 611 3546 multis
626 3485 737 3544 flebilis
752 3485 832 3543 ullor
847 3484 923 3542 cris!
