2498 4008
153 189 215 252 232
532 185 701 248 Reman.
725 187 799 246 ΑΜ.

238 340 289 400 Me
303 340 381 399 duce
398 339 580 412 damnosas,
602 338 757 411 homines,
781 339 959 413 conpescite
974 353 1078 414 curae,

197 431 232 487 70
283 425 442 497 Rectaque
457 437 526 481 cum
541 422 635 482 sociis
650 437 700 481 me
713 422 792 481 duce
808 423 896 482 navis
911 430 971 482 eat.
1147 457 1186 470 -

238 507 321 568 Naso
336 505 486 586 legendus
501 515 567 567 erat
581 513 657 580 tum,
680 519 749 565 cum
763 505 913 566 didicistis
928 521 1041 566 antara

280 589 366 650 Idem
380 605 462 649 nune
476 589 566 650 vobis
580 589 663 648 Naso
679 590 826 663 legendus
842 589 908 650 erit

238 673 381 736 Publicus
397 679 534 734 assertor
547 673 679 734 dominis
696 687 866 748 suppressa
881 671 992 733 levabo

280 757 417 817 Pectora.
439 756 592 816 vindictae
608 756 739 832 quisque
753 757 854 817 favete
870 772 955 817 suae.

197 848 230 904 ts
241 839 282 900 Te
296 855 407 915 precor
423 839 587 915 incipiens,
610 840 691 900 adsit
706 845 759 900 tua
772 840 878 901 laurea
891 839 990 912 nobis,

282 922 430 984 Carminis
443 930 473 982 et
487 923 644 998 medicae,
658 921 796 997 Phoebe,
817 932 957 999 repertor
971 923 1051 998 opis.

152 1050 154 1053 ψ
239 1008 283 1068 Tu
298 1007 411 1082 pariter
426 1008 501 1082 vati,
525 1007 638 1082 pariter
651 1020 795 1067 saccone
809 1007 956 1067 medenti:

280 1092 415 1166 Utraque
429 1091 540 1150 tutelae
555 1087 677 1151 subdita
693 1105 767 1150 cura
782 1096 890 1150 tua-est.

238 1173 317 1236 Dum
332 1175 417 1247 licet,
441 1181 470 1233 et
483 1173 596 1233 modici
610 1179 738 1248 tangunt
752 1174 932 1248 praecordia
945 1181 1056 1247 motus,

195 1267 231 1319 80
285 1257 318 1318 si
333 1258 431 1332 piget,
454 1257 485 1317 in
501 1257 598 1332 primo
614 1257 717 1316 limine
733 1259 809 1316 siste
823 1258 943 1332 pedem.

239 1339 399 1416 Opprime,
422 1341 494 1400 dum
509 1355 591 1400 nova
605 1348 689 1414 sunt,
713 1339 804 1400 subiti
818 1343 897 1400 mala
911 1341 1029 1400 semina
1041 1339 1152 1414 morbi,

279 1424 317 1483 Et
332 1431 401 1484 tuns
416 1423 566 1498 incipiens
581 1423 625 1483 ire
639 1424 762 1484 resistat
777 1439 887 1500 equus.

238 1507 313 1566 Nam
328 1521 414 1566 mora
430 1507 482 1566 dat
495 1507 587 1566 vires.
610 1514 731 1568 teneras
746 1523 832 1568 more
848 1508 1008 1584 percoquit
1024 1524 1116 1582 uvas,

279 1589 316 1650 Et
330 1590 449 1650 validas
467 1598 589 1666 segetes
605 1605 685 1667 qnae
700 1591 755 1652 luit
768 1591 878 1666 herba,
900 1592 982 1652 lacit.

195 1683 229 1736 85
242 1673 325 1748 Quae
340 1673 466 1749 praebet
477 1677 555 1734 latas
570 1675 663 1734 arbor
678 1675 879 1751 spatiantibus
890 1676 1024 1751 umbras,

282 1757 346 1832 Quo
365 1757 465 1832 posita
479 1764 528 1818 est
542 1759 670 1837 primum
684 1763 823 1834 tempore
836 1758 923 1835 virga
937 1760 1001 1820 luit.

236 1840 310 1900 Tum
325 1847 446 1916 poterat
459 1841 599 1902 manibus
616 1857 735 1902 summa
750 1844 856 1904 tellure
869 1844 990 1904 revellis

185 1921 187 1924 ’
279 1924 438 1984 Nunestat
452 1924 481 1984 ln
497 1926 668 1986 inmensum
681 1927 800 1987 viribus
815 1933 882 1987 acta
896 1927 971 1988 suis.

238 2008 332 2083 Quale
348 2008 386 2068 sit
401 2008 447 2083 id,
471 2010 555 2082 quod
569 2023 671 2082 amas,
693 2010 784 2070 celeri
801 2011 999 2087 circumspice
1013 2019 1124 2084 mente,
1231 2003 1232 2032 ³

195 2099 230 2153 90
282 2089 319 2150 Et
333 2098 385 2151 lua
399 2093 522 2152 laesuro
538 2092 682 2154 subtrahe
698 2093 778 2154 eolla
791 2096 872 2171 ingo.

235 2173 394 2251 Principiis
411 2176 508 2236 obsta.
533 2191 603 2238 sero
618 2177 771 2238 medicina
784 2186 914 2254 paratur,

279 2259 353 2320 Cum
367 2260 447 2319 mala
462 2273 518 2334 per
530 2259 639 2336 longas
655 2263 839 2322 convaluere
857 2275 969 2320 moras.

237 2340 300 2402 Sed
315 2357 463 2418 propera,
485 2359 543 2403 nec
557 2352 586 2404 te
600 2349 746 2404 venturas
761 2343 851 2405 diller
863 2345 893 2402 in
908 2343 1016 2403 horest

280 2425 335 2499 Qui
350 2442 412 2486 non
427 2435 476 2487 est
488 2427 596 2503 hodie,
616 2443 685 2488 eras
700 2430 801 2488 minus
815 2436 905 2503 aptus
923 2427 989 2501 erit.

193 2515 227 2570 95
239 2509 343 2568 Verba
357 2510 412 2568 dat
425 2510 523 2570 omnis
540 2527 639 2588 amor,
663 2513 837 2587 reperitque
853 2512 995 2571 alimenta
1010 2507 1177 2572 morando:

279 2591 399 2666 Optima
413 2593 567 2654 vindictae
581 2595 722 2670 proxima
737 2609 877 2670 quaeque
890 2594 967 2654 dies.

235 2674 372 2735 Flumina
386 2693 487 2752 pauca
501 2678 590 2740 vides
607 2679 646 2738 de
661 2679 781 2754 magnis
797 2679 930 2739 lontibus
946 2687 1027 2738 ortae

277 2758 409 2820 Plurima
425 2763 561 2822 collectis
575 2762 813 2838 multiplicantur
827 2763 924 2837 aquis.

235 2841 268 2901 Si
284 2843 342 2904 cito
359 2846 529 2921 sensisseS,
552 2851 696 2922 quantum
714 2859 844 2920 peceare
858 2859 992 2921 parares,

172 2935 223 2988 100
276 2925 343 2986 Non
361 2934 481 3003 tegeres
495 2931 596 2990 vultus
614 2933 743 3004 cortice,
764 2929 903 3006 Myrrha,
922 2936 1001 2988 tuos.

234 3008 306 3068 Vidi
321 3025 379 3084 ego
396 3013 481 3086 quod
494 3013 591 3072 luerat
605 3014 703 3087 primo
719 3013 857 3073 sanabile
872 3013 992 3084 vulnus,

276 3093 406 3152 Dilatum
420 3095 531 3169 longae
546 3096 657 3157 damna
671 3096 780 3158 tulisse
796 3111 911 3156 morae.

235 3174 298 3235 Sed
314 3176 385 3251 qula
400 3177 529 3238 delectat
544 3179 673 3240 Veneris
689 3182 857 3255 decerpere
871 3180 1010 3249 fructum,

275 3260 409 3321 Dicimus
426 3261 557 3322 adsidue
574 3266 656 3322 ‘cras
671 3279 798 3339 quoque
813 3263 866 3323 liet
878 3263 981 3322 idem?

170 3352 221 3404 105
231 3344 351 3403 Interea
368 3346 477 3405 tacitae
492 3355 617 3422 serpunt
633 3347 663 3404 in
682 3347 802 3408 viscera
815 3345 966 3418 flammae,

275 3426 312 3486 Et
325 3428 405 3486 mala
418 3428 539 3489 radices
555 3430 645 3490 altius
660 3429 751 3492 arbor
765 3431 836 3505 agit.
