2472 4010
464 317 466 321 .
540 255 754 317 AMORUM

258 409 390 468 Perdere
404 399 461 468 nec
477 409 556 468 tetus
567 412 649 468 'ause
663 411 770 468 leaena
785 425 871 468 suos.

214 493 255 552 At
270 501 393 551 tenerae
409 492 537 562 faciunt,
563 493 619 550 sed
635 509 696 551 non
712 492 1003 568 impune,·puellae=

260 575 377 650 Saepe,
399 593 474 636 suos
490 583 594 636 uteros
611 591 691 648 quae
708 583 812 648 necat,
835 577 904 650 ipsa
921 577 1008 650 perit.

216 659 287 733 ipsa
302 658 395 734 perit,
419 661 576 734 ferturque
590 657 667 732 rogo
684 660 819 720 resoluta
835 661 980 735 capillos,

172 753 207 806 40
260 743 297 802 Et
313 746 445 803 clamant
458 743 591 802 ‘merito’
608 741 660 816 qui
677 743 769 802 modo
786 759 918 818 cumque
939 745 1052 806 vident.
1104 767 1108 777 ·

214 829 276 886 ista
291 828 347 886 sed
363 828 514 886 aetherias
528 832 697 898 vanescant
711 825 793 886 dicta
807 843 863 901 per
877 845 984 900 aurae,

256 911 295 970 Et
309 911 370 970 sint
385 910 538 970 ominibus
554 909 694 984 pondere
709 906 792 968 nullu
805 913 892 971 meis.

215 995 251 1052 Di
267 993 389 1068 lacileS,
413 1009 566 1068 peccasse
581 994 676 1052 semel
693 994 852 1053 concedite
867 1001 949 1054 tuto:
985 1071 986 1074 Ἴ

256 1078 294 1136 Et
308 1078 384 1138 satis
400 1086 461 1153 cst,
485 1091 617 1154 poenam
633 1076 724 1149 culpe
740 1079 878 1138 secunde
891 1080 981 1138 ferat.

133 1209 186 1304 15
217 1211 333 1314 Adule,
349 1244 525 1316 formonsae
540 1241 668 1316 digitum
679 1243 818 1301 vincture
838 1245 974 1316 puellae,

256 1327 289 1384 ln
305 1342 366 1400 quo
384 1327 573 1386 censendum
588 1327 629 1384 nil
645 1325 820 1385 nisi-dantis
837 1343 937 1400 amor,
961 1371 967 1380 .

215 1412 326 1471 Munus
343 1425 397 1469 eas
413 1418 540 1484 gratum.
569 1409 612 1468 Te
628 1411 708 1469 laeta
722 1418 823 1469 mente
838 1418 996 1484 receptum

255 1493 395 1554 Protinus
411 1494 546 1553 articulis
561 1492 667 1551 induat
680 1493 730 1550 illa
745 1494 819 1552 suis.

187 1578 287 1640 5Tam
303 1577 381 1636 bene
397 1578 579 1648 convenias,
605 1591 696 1651 quam
712 1591 830 1636 mecum
847 1576 991 1635 convenit
1006 1575 1063 1647 illi,

258 1661 294 1719 lit
309 1659 435 1734 digitum
450 1662 531 1720 iusto
548 1660 729 1719 commodus
746 1662 821 1720 orbe
835 1668 928 1720 teras.

213 1745 314 1818 Felix,
337 1743 704 1816 adominatractaberis,
727 1745 833 1818 anule,
855 1752 970 1804 nostra.

257 1827 383 1888 Invideo
400 1828 490 1888 donis
506 1828 566 1886 iam
581 1827 674 1886 miser
688 1827 757 1901 ipse
771 1828 858 1886 meis.

216 1912 238 1971 0
255 1911 368 1972 utinam
382 1911 449 1971 fieri
466 1911 568 1972 subito¹
582 1925 651 1969 mee
664 1925 791 1970 munera
806 1926 932 1986 possem

175 2008 207 2060 ιο
259 1995 386 2055 Artibus
401 1996 525 2055 Aeaeae
537 1993 730 2072 Carpathiive
744 1995 844 2054 senis!

214 2079 297 2139 Tunc
313 2094 387 2152 ego,
411 2081 437 2138 si
457 2079 571 2138 subeat
581 2078 723 2137 dominae
734 2077 873 2152 tetigisse
890 2078 1020 2152 papillas
1065 2084 1068 2090 '

159 2197 167 2212 ι
214 2191 216 2194 -
256 2163 293 2222 Et
308 2163 427 2222 laevam
442 2161 553 2222 tunicis
568 2161 740 2220 inseruisse
755 2177 892 2234 manum,

214 2247 329 2306 Elabar.
341 2247 452 2320 digito,
476 2247 616 2320 quamvis
632 2251 782 2318 angustus
798 2253 828 2304 ct
841 2245 989 2314 haerere,

257 2329 354 2404 Inque
371 2332 470 2389 sinum
490 2330 565 2388 mira
580 2331 668 2388 laxus
685 2328 722 2386 ab
739 2336 803 2386 arte
819 2328 936 2388 cadam.

174 2425 206 2476 15
218 2413 303 2471 ldem
318 2429 392 2486 ego,
415 2422 448 2473 ut
462 2427 591 2472 arcanas
608 2411 727 2486 possim
742 2411 865 2486 signare
880 2410 1025 2481 tabellas,

257 2497 341 2556 Neve
355 2503 448 2556 tenax
462 2510 563 2556 ceram
581 2496 726 2570 siccaque
741 2512 860 2569 gemma
876 2495 989 2568 trahat,

215 2581 326 2642 Umida
342 2582 519 2640 formonsae
533 2577 656 2655 tangam
670 2580 756 2654 prius
774 2595 829 2640 ora
843 2579 973 2654 puellae.

257 2667 385 2724 Tantum
400 2681 439 2724 ne
454 2664 571 2739 signem
587 2664 702 2738 scripta
717 2663 850 2723 dolende
863 2661 944 2721 mihi.
1028 2691 1030 2694 ·

216 2749 248 2808 Si
265 2748 377 2824 dabor,
398 2757 433 2808 ut
448 2748 565 2809 condar
579 2748 705 2820 loculis,
728 2746 813 2809 exire
827 2746 962 2820 negabo,

173 2843 208 2895 20
260 2833 464 2908 Adstringens
480 2831 591 2906 digitos
607 2831 682 2894 orbe
698 2829 814 2889 minore
828 2830 907 2889 tuos.

215 2917 281 2975 Non
299 2932 356 2990 ego
373 2917 518 2976 dedecori
537 2914 591 2974 tibi
606 2913 678 2986 sim,
701 2929 773 2974 mea
787 2914 863 2986 vita,
888 2913 1036 2984 futurae,

260 3000 387 3072 Quodve
402 3006 488 3059 tener
505 2997 617 3070 digitus
633 2998 713 3077 ferre
726 3006 863 3070 recuset,
889 3013 979 3055 onus,

216 3083 265 3142 Mc
281 3097 370 3156 gere,
395 3099 464 3142 cum
480 3082 587 3142 calidis
602 3081 797 3156 perfunderis
814 3081 960 3141 imbribus
976 3085 1076 3147 artus,

258 3167 513 3242 Damnaquesub
529 3179 649 3238 gemma
663 3166 767 3240 perier
781 3164 882 3225 euntis
899 3177 1009 3237 equae.
1112 3193 1151 3204 -

172 3259 205 3311 25
219 3250 298 3324 Sed,
321 3259 410 3325 puto,
434 3257 464 3310 te
478 3249 562 3310 nuda
576 3263 645 3309 mea
659 3250 794 3308 membra
809 3248 935 3308 libidine
950 3251 1092 3318 surgent,

258 3334 296 3392 Et
311 3351 456 3408 peragam
473 3339 574 3409 partes
590 3333 700 3392 anulus
714 3333 764 3392 ille
780 3331 845 3394 viri.

215 3417 307 3476 Inrita
324 3419 398 3492 quid
412 3423 536 3477 voveo?
563 3415 692 3474 Parvum
710 3417 909 3487 proficiscere
924 3426 1044 3472 munus.

258 3500 312 3557 llta
326 3501 430 3559 datam
444 3507 542 3560 tecum
559 3499 670 3556 sentiat
685 3511 757 3555 esse
771 3498 873 3557 fidem.

567 3605 738 3615 ——---.
