2472 4010
118 172 162 237 62
531 167 736 229 AMORUM

204 323 326 384 Scilicet
342 319 465 382 adserui
481 321 541 380 iam
556 337 619 394 ine,
643 317 768 395 fugique
784 327 925 392 catenas,

245 407 283 466 Et
299 421 379 480 quae
393 421 456 464 non
470 405 578 480 puduit
593 405 687 478 serra,
709 406 817 466 tulisse
833 403 935 478 pudet.

176 491 355 563 5VicirnuS‚
379 497 409 547 ct
423 490 568 550 domitum
586 487 717 562 pedibus
732 491 889 548 calcamus
904 504 1055 548 amorem:

246 575 404 638 Venerunt
417 573 508 648 capiti
525 587 641 631 cornua
657 587 727 632 sera
741 588 820 631 ineo,

203 657 341 716 Perlerre
357 657 489 716 obdurat
513 657 603 716 dolor
616 655 666 714 hic
680 656 734 715 tibi
748 655 885 731 proderit
904 657 985 717 olim.

246 739 348 815 Saepe
361 741 428 800 tulit
440 742 643 800 lassis-sucus
659 755 781 800 amarus
798 755 898 814 opem.

204 825 284 900 Ergo
301 840 359 898 ogo
375 825 519 899 sustinui,
544 823 660 883 loribus
675 831 738 882 tarn
753 839 849 898 saepe
864 823 1022 898 repulsus,

162 918 197 970 10
248 909 416 982 ingenuum
433 908 510 967 dura
524 922 641 983 ponere
659 920 773 981 corpus
788 907 904 970 hutnot
978 933 980 938 v

203 991 283 1066 Ergo
300 1007 357 1066 ego
374 992 480 1054 nascio
496 992 558 1064 cui,
585 1005 674 1064 quern
690 999 722 1054 tu
737 992 890 1066 conplexa
904 990 1046 1062 leuchae,

246 1075 386 1136 Excubui
401 1074 552 1148 clausam,
576 1091 688 1136 servus
701 1081 748 1148 ut,
769 1081 838 1134 ante
855 1074 999 1134 dornumt

203 1161 290 1234 Vidi,
313 1175 383 1220 cum
396 1158 513 1220 loribus
530 1160 632 1218 lassus
647 1159 786 1232 prodiret
800 1165 932 1230 amator,

244 1243 414 1303 invalidum
431 1244 570 1303 reserens
586 1243 806 1316 emeritumque
822 1245 911 1302 latus.

166 1336 196 1388 15
206 1327 273 1386 Hoc
289 1335 388 1386 tamen
406 1334 454 1386 cst
470 1327 586 1399 leviuS,
599 1339 702 1401 *quani
718 1327 886 1402 quodsum
903 1326 987 1386 visus
1005 1327 1043 1385 ab
1059 1327 1123 1386 illo.
1226 1335 1227 1360 ³

245 1411 375 1470 Eveniat
389 1411 502 1470 nostris
516 1409 657 1470 hostibus
673 1411 723 1469 ille
740 1412 854 1484 pudor!

206 1495 334 1569 Quando
352 1511 409 1570 ego
429 1509 490 1554 non
505 1495 587 1554 fixus
602 1495 688 1552 lateri
704 1495 854 1568 patienter
868 1493 1010 1565 adhaesi,

246 1578 317 1654 lpse
331 1588 400 1639 tuus
418 1586 538 1652 custos,
561 1578 706 1652 ipscvir,
729 1578 798 1653 ipse
814 1585 949 1644 comest

206 1661 328 1723 Scilicet
343 1671 373 1722 et
388 1663 506 1738 populo
520 1677 575 1736 per
589 1677 638 1720 me
653 1663 796 1721 comitata
814 1661 975 1737 placebas!

161 1756 197 1808 20
250 1747 349 1807 Causa
362 1748 418 1808 luit
431 1747 532 1806 multis
547 1753 653 1806 noster
667 1746 780 1805 amoris
795 1761 889 1806 arnor.

203 1829 315 1904 Turpia
330 1831 404 1906 qnid
419 1833 549 1890 releram
565 1845 664 1894 vanae
678 1831 841 1890 mendacia
854 1831 975 1904 linguae

247 1915 286 1974 Et
299 1917 472 1990 periuratos
488 1915 517 1973 in
533 1929 602 1973 mea
618 1914 730 1976 damna
746 1915 846 1974 deos?

206 1997 283 2072 Quid
297 1999 441 2059 iuvenum
457 1999 566 2058 tacitos
583 1999 660 2058 inter
674 1999 817 2058 convivia
831 2003 937 2070 nutus,

247 2083 414 2157 Verbaque
429 2079 599 2156 conpositis
615 2081 806 2142 dissimulata
821 2080 921 2142 notis?
1026 2135 1028 2140 ,

161 2175 195 2229 25
206 2166 293 2235 Dicta
308 2174 373 2227 erat
388 2183 481 2242 aegra
495 2166 577 2225 mihi.
609 2181 758 2240 praeceps
775 2179 943 2239 amensque
959 2163 1089 2225 cucurri.

245 2251 341 2325 Veni,
364 2257 394 2309 et
407 2250 494 2308 rivali
510 2266 571 2309 non
587 2257 652 2308 erat
667 2265 761 2330 aegra
776 2265 855 2308 meo.
880 2307 881 2312 ,

202 2333 258 2393 His
273 2342 303 2394 ct
318 2339 516 2409 questuosa,
541 2334 647 2394 duravi
663 2350 759 2408 saepe
775 2333 919 2394 terendis.
954 2331 958 2338 '

246 2418 365 2492 Quaere
379 2418 485 2490 alium,
509 2433 564 2492 pro
580 2434 629 2477 me
644 2418 696 2492 qui
712 2425 804 2492 queat
818 2419 877 2477 ista
891 2419 962 2492 pati.

203 2501 266 2561 lam
281 2517 349 2560 mea
366 2502 467 2562 votiva
484 2502 597 2576 puppis
612 2501 752 2562 redimita
767 2517 883 2562 corona

160 2595 196 2648 30
248 2586 344 2645 Lenta
359 2586 554 2646 tumescentis
569 2586 713 2659 aequoris
729 2587 813 2646 audit
828 2601 937 2660 aquas.

202 2669 316 2730 Desine
332 2669 494 2730 blanditias
508 2676 539 2730 et
552 2669 662 2743 verba,
685 2671 822 2745 potentia
837 2670 1006 2745 quondam,

244 2753 385 2814 Perdere.
414 2770 475 2813 non
492 2769 549 2827 ego
566 2771 633 2814 sum
650 2756 774 2827 stultae,
797 2763 830 2814 ut
845 2760 915 2814 ante
931 2754 982 2812 lui.

202 2838 367 2898 Luctantur
383 2845 552 2912 pectusque
567 2839 635 2898 leve
650 2839 680 2898 in
696 2838 848 2898 contraria
861 2838 989 2898 tendunt

245 2921 309 2980 Hac
324 2937 426 2994 amor,
448 2921 507 2980 hac
522 2923 636 2982 odium.
665 2923 736 2996 sed,
761 2930 851 2996 puto,
874 2921 968 2980 vincit
982 2935 1077 2980 amor.
1152 2928 1157 2936 ·

160 3013 194 3067 35
207 3004 324 3076 Oder0,
349 3006 375 3064 si
392 3013 509 3080 potero.
540 3007 566 3065 si
581 3023 657 3079 non,
679 3006 793 3067 invitus
809 3007 929 3066 amabo.

126 3145 127 3150 ,
243 3089 306 3148 Nec
322 3089 393 3162 iuga
406 3097 510 3149 taurus
526 3098 614 3150 amat.
644 3105 724 3164 quae
738 3095 838 3150 tamen
855 3090 935 3163 odit,
956 3088 1058 3148 habet.

139 3221 142 3227 ,
201 3171 372 3246 Nequitiam
387 3173 481 3248 fugio.
511 3174 675 3248 lugientem
691 3174 790 3237 sonna
803 3173 933 3234 reducit.

213 3278 229 3284 ··
243 3260 382 3316 Aversor
397 3258 663 3318 morurncrirnina.
692 3273 806 3332 eorpus
821 3273 901 3318 arno.

203 3338 254 3400 Sic
270 3355 328 3414 ego
344 3356 401 3399 nec
418 3341 544 3411 sinete,
569 3357 626 3400 nco
640 3348 741 3401 tecum
758 3342 863 3402 vivore
882 3355 1029 3416 possum,

160 3430 195 3482 40
246 3423 285 3481 Et
299 3422 407 3483 videor
421 3424 484 3484 voti
499 3423 623 3484 nescius
640 3440 712 3483 esse
727 3427 795 3484 mci.
