2488 4006
113 239 155 306 70
437 231 441 242 ’
498 234 746 296 HEROIDES.

156 401 190 456 lo
242 391 281 452 Et
293 405 361 450 maa
375 403 444 450 oum
457 387 561 448 multis
579 388 680 446 iuncta
696 386 822 460 querela
837 385 924 446 soret.

197 476 276 550 Quid
292 475 429 546 timeam,
451 473 572 548 ignoro.
593 471 687 530 timeo
702 476 804 530 tamen
818 469 921 530 omnia
935 470 1073 545 demens,

121 564 124 570 '
238 559 277 617 ltt
290 562 373 633 patet
387 556 418 614 in
433 571 523 616 curas
539 570 612 614 area
628 555 689 613 lata
702 567 799 614 meas.
950 628 952 632 ,
1040 555 1042 559 '

102 693 106 698 .
197 643 414 716 Quaecumque
424 654 541 714 aequor
549 637 652 710 habet,
663 651 876 711 quaecunque
886 637 1022 712 pericula
1031 639 1133 710 tellus,

238 716 312 786 Tam
327 725 439 799 longae
454 737 566 783 causas
582 722 726 795 suspicor
739 736 810 780 esse
825 735 940 780 morae.

156 816 189 871 75
199 810 283 868 Haec
298 823 357 882 ego
372 808 444 866 dum
462 807 551 866 stulte
564 810 681 876 metue,
703 819 783 879 quae
797 809 902 864 vestra
915 803 1010 864 libido
1025 810 1082 877 est,

237 891 318 950 Esse
334 889 498 965 peregrino
515 895 624 963 captus
639 901 744 948 amore
760 887 869 962 potes*

196 974 337 1035 Forsitan
352 979 382 1032 et
396 985 517 1046 narres,
543 987 633 1045 quam
648 971 688 1029 sit
702 969 757 1029 tibi
771 970 886 1030 rustica
901 971 1044 1043 coniunx,

240 1058 323 1131 Quae
337 1061 454 1116 tanturn
468 1058 554 1114 lanas
570 1069 632 1113 non
647 1054 727 1114 sinat
743 1069 816 1113 esse
831 1054 935 1114 rudes.

195 1142 309 1215 Fallat,
320 1136 362 1200 'et
375 1139 436 1198 hoc
451 1138 564 1198 crimen
579 1145 687 1198 tenues
701 1142 848 1200 vanescat
862 1138 892 1196 in
908 1152 1008 1210 auras,

154 1232 190 1287 00
241 1224 341 1297 Neve,
363 1219 539 1282 revertendi
552 1221 643 1294 liber,
668 1221 780 1280 abesse
796 1221 888 1280 velist

196 1308 246 1366 Me
261 1313 348 1382 pater
362 1304 477 1365 Icarius
494 1304 586 1364 viduo
600 1304 762 1363 discedere
776 1305 855 1363 lecto

239 1390 342 1464 Cogit,
364 1395 395 1448 et
409 1388 566 1447 inmensas
584 1387 838 1461 increpatusque
853 1401 965 1447 morae.

195 1475 450 1547 increpatusque
464 1470 544 1530 licet.
575 1469 639 1530 Tua
651 1485 734 1542 sum,
758 1477 811 1531 tua
827 1470 911 1529 dicar
927 1475 1056 1544 oportet.

238 1556 393 1630 Penelope
411 1551 546 1613 coniunx
560 1568 683 1627 semper
696 1553 796 1612 Ulixis
809 1567 875 1626 ero.

154 1648 188 1702 85
199 1641 254 1698 llle
267 1645 368 1698 tamen
383 1637 497 1712 pietate
510 1651 580 1697 mea
595 1635 803 1712 precibusque
817 1636 938 1711 pudicis

237 1721 411 1796 Frangitur,
433 1726 464 1780 et
477 1720 559 1786 vires
574 1726 723 1794 temperet
736 1720 903 1794 ipse-suas.
1017 1719 1021 1728 “

196 1805 325 1866 Dulichii
340 1803 497 1877 Samiique
513 1807 543 1862 et
559 1819 638 1878 quos
653 1803 720 1862 tulit
734 1804 794 1863 alta
808 1803 992 1880 Zacynthos,

236 1887 336 1948 Turba
350 1892 441 1947 ruunt
455 1888 487 1946 in
501 1901 549 1946 me
563 1886 723 1946 luxuriosa
738 1887 839 1962 proci:

120 2025 127 2039 χ
194 1973 292 2046 Inque
306 1977 359 2032 tua
374 1977 517 2046 regnant,
542 1971 632 2030 nullis
652 1970 898 2045 prohibentibuS,
921 1971 1006 2030 aula:

153 2065 188 2118 90
241 2057 370 2116 Viscera
388 2060 509 2129 nostra,
532 2061 603 2114 tuae
619 2053 823 2124 dilacerantur
838 2068 925 2128 opes.

196 2139 275 2212 Quid
290 2137 344 2199 tibi
356 2137 538 2198 Pisandrum
553 2136 767 2215 Polybumque
782 2137 989 2212 Medontaque
1005 2135 1107 2194 dirum

236 2221 486 2300 Eurymachique
503 2219 612 2304 avidas
627 2219 815 2294 Antinoique
829 2237 938 2282 manus

194 2306 299 2380 Atque
313 2306 391 2365 alios
406 2304 553 2378 reseram,
575 2321 654 2380 quos
672 2304 771 2364 omnis
787 2303 914 2378 turpiter
929 2303 1043 2364 absens

236 2389 308 2464 lpse
323 2394 376 2448 tuo
392 2388 487 2463 partis
502 2388 656 2462 sanguine
667 2387 760 2446 rebus
776 2387 861 2447 alis‘l.

153 2481 187 2535 95
197 2472 264 2530 Irus
280 2486 375 2546 egens
391 2472 577 2546 pecorisque
591 2470 774 2531 Melanthius
790 2477 876 2531 actor.
890 2469 1002 2530 edendi

128 2609 130 2614 .
236 2553 367 2614 Ultimus
382 2554 533 2613 accedunt
546 2553 578 2612 in
591 2562 644 2614 tua
657 2553 772 2613 damna
782 2553 892 2629 pudor.

194 2638 268 2698 Tres
286 2653 392 2697 surnus
408 2636 536 2698 inbelles
550 2652 694 2708 numero,
717 2637 783 2695 sine
799 2634 915 2696 uiribus
931 2651 1018 2710 uxor,

237 2719 425 2794 Laertesque
440 2733 549 2791 senex,
567 2719 924 2792 Telemachusquepuer.

195 2805 249 2864 Ille
265 2820 321 2879 per
337 2803 466 2863 insidias
483 2817 582 2877 paene
596 2808 644 2860 est
658 2801 731 2860 mihi
745 2815 844 2886 nuper
858 2800 1030 2875 ademptus

132 2898 184 2951 100
235 2888 315 2946 llum
329 2891 417 2961 parat
431 2885 534 2953 invitis
549 2884 691 2944 omnibus
705 2885 749 2945 ire
762 2882 871 2961 Pylon.

195 2971 249 3043 Di,
273 2984 398 3044 precor,
420 2967 481 3028 hoo
495 2967 632 3041 iubeant,
655 2966 845 3029 uteuntibus
862 2966 970 3040 ordine
983 2965 1054 3026 latis
1123 2999 1126 3002 -

238 3053 293 3111 llle
309 3065 396 3112 meos
412 3051 520 3112 oculos
538 3051 723 3126 conprimat,
746 3051 796 3111 ille
810 3057 890 3110 tuos.

142 3139 146 3144 “
195 3135 274 3195 Hinc
289 3134 404 3195 iaciunt
419 3140 588 3209 custosque
601 3134 694 3195 boum
711 3136 926 3210 longaevaque
943 3133 1053 3206 nutrix,

238 3217 357 3278 Tertius
375 3218 538 3278 inmundae
557 3233 629 3280 cura
644 3217 746 3279 fidelis
760 3217 865 3278 harae.

133 3312 185 3366 105
197 3301 260 3362 Sed
274 3317 375 3377 neque
389 3302 530 3376 Laertes,
552 3308 585 3362 ut
599 3303 651 3378 qui
665 3302 704 3363 sit
720 3300 833 3362 inutilis
849 3300 952 3373 umis,

239 3384 388 3446 Hostibus
403 3386 433 3445 in
449 3386 558 3446 mediis
573 3401 670 3461 regua
682 3393 787 3446 tenere
802 3391 914 3460 potest.

119 3494 121 3496 ·
199 3469 379 3531 Telemacho
396 3469 513 3545 veniet,
535 3471 619 3530 vivat
633 3472 741 3539 modo,
761 3468 869 3530 sortior
885 3473 985 3529 aeteae
