2472 4010
386 331 388 336 ,
454 293 483 368 r,
505 280 700 366 aot-o,
720 290 772 352 41.

225 443 361 504 Oblioum
377 443 478 517 capiat
493 442 717 517 semiadaperta
732 444 821 503 latus.

154 529 305 602 oLongus
322 543 408 586 amor
422 528 498 586 tales
515 542 629 600 corpus
647 527 782 586 tenuavit
797 527 825 585 in
842 543 932 600 usus,

223 613 367 686 Aptaque
382 611 532 670 subducto
549 625 678 683 corpore
692 609 827 670 membra
841 611 933 670 dedit.

182 696 235 754 llle
251 710 306 769 per
319 693 467 754 excubias
483 694 644 753 custodum
660 695 766 753 leniter
781 694 824 752 ire

224 779 382 838 Monstrat.
411 775 581 836 inoffensos
596 777 696 850 dirigit
710 779 760 836 ille
776 777 882 851 pedes.

181 863 222 922 At
237 862 391 938 quendam
406 868 527 920 noctem
541 861 764 935 simulacraque
779 877 859 919 vana
873 859 1025 920 timebam.

146 956 178 1006 10
230 944 378 1019 Mirabar,
400 944 535 1004 tenebris
552 938 692 1017 quisquis
707 946 802 1004 iturus
818 951 891 1002 erat.

182 1029 275 1100 Risit,
297 1034 331 1086 ut
346 1027 496 1100 audirem,
519 1033 624 1085 tenera
639 1042 706 1086 cum
721 1036 816 1087 matre
832 1026 949 1101 Cupido

224 1110 262 1168 Et
276 1111 385 1168 leviter
400 1109 469 1167 ‘fies
483 1116 516 1168 tu
534 1124 658 1182 quoque
673 1111 773 1169 fortls'
789 1110 839 1168 ait.

182 1194 244 1252 Nec
260 1209 359 1263 mora,
376 1191 461 1249 venit
474 1208 569 1250 amor.
599 1207 660 1250 non
678 1193 799 1251 umbras
815 1198 905 1250 nocte
920 1192 1066 1264 volanliS,

225 1277 291 1335 Non
306 1274 397 1334 timeo
414 1275 534 1334 strictas
549 1276 579 1333 in
595 1291 664 1334 mea
679 1276 740 1334 lata
758 1291 876 1334 manus.

142 1371 174 1421 15
185 1363 226 1420 Te
241 1358 364 1419 nimium
379 1360 492 1418 lentum
508 1359 610 1418 timeo.
637 1357 691 1417 tibi
705 1359 847 1418 blandior
861 1361 928 1418 uni:

224 1443 282 1518 Tu,
303 1458 352 1502 me
369 1459 430 1516 quo
447 1443 551 1517 possis
568 1443 712 1517 perdere,
733 1443 846 1503 lulmen
860 1443 968 1501 habes.
1039 1483 1042 1490 .

183 1527 340 1601 Aspida..
356 1534 398 1598 et,
421 1534 454 1586 ut
470 1526 590 1597 videas,
612 1527 726 1585 inmitia
741 1527 872 1586 claustra
886 1526 1021 1585 relaxa...

225 1611 294 1670 Uda
308 1611 349 1668 sit
363 1616 396 1668 ut
410 1610 542 1668 lacrimis
557 1611 648 1668 ianua
664 1610 743 1669 lacta
757 1608 842 1668 meis.

184 1692 270 1752 Certe
286 1709 358 1766 ego,
382 1709 450 1752 cum
466 1693 567 1766 posita
586 1701 683 1752 stares
700 1695 739 1752 ad
754 1695 882 1753 verbera
898 1700 999 1766 veste,

143 1785 178 1836 20
228 1777 278 1834 Ad
294 1776 447 1834 dominam
463 1791 517 1849 pro
533 1783 563 1834 te
580 1776 673 1835 verba
687 1783 834 1836 tremente
848 1778 911 1835 tuli.

183 1861 264 1933 Ergo
280 1875 359 1932 quae
373 1860 468 1918 valuit
482 1875 537 1933 pro
553 1866 582 1917 te
597 1874 721 1934 quoque
738 1860 834 1932 gratia
851 1860 1019 1934 quondam,

226 1943 294 2002 Heu
311 1943 444 2001 lacinus!
470 1959 524 2016 pro
541 1959 589 2000 me
604 1957 684 2000 nunc
700 1944 780 2001 valet
794 1942 844 2001 illa
859 1950 988 2016 parum?

183 2026 402 2090 Reddevicem
416 2026 540 2085 meritis.
571 2033 655 2100 grato
672 2025 836 2085 lieetesse.
867 2026 955 2099 Quod
974 2029 1082 2102 optesl
1137 2075 1140 2084 Δ

225 2111 375 2184 Tempora
390 2109 489 2169 noctis
505 2116 586 2169 eunt.
617 2116 725 2169 excute
740 2116 829 2182 poste
844 2116 962 2168 seram!

142 2203 176 2254 25
187 2193 317 2251 Excute!
340 2194 385 2251 sie
400 2209 545 2266 umquam
561 2194 653 2265 longa
667 2195 804 2251 relevere
819 2199 941 2266 catena,

225 2277 287 2334 Nee
303 2277 356 2335 tibi
371 2283 518 2349 perpetuo
536 2291 626 2334 serva
643 2275 763 2334 bibatur
778 2283 872 2350 aqua!

183 2361 312 2419 Ferreus
330 2366 464 2418 orantem
481 2359 680 2434 nequiquam,
704 2358 828 2430 ianitor,
851 2358 950 2418 audis.

225 2443 398 2502 Roboribus
415 2442 498 2500 duris
516 2444 606 2500 lanua
621 2442 695 2501 fulta
709 2443 795 2515 riget.

183 2525 317 2587 Urbibus
333 2525 472 2586 obsessis
489 2528 614 2586 clausae
630 2525 794 2585 munimina
811 2533 918 2599 portae

140 2617 176 2670 30
228 2609 366 2670 Prosunt
395 2609 425 2667 in
441 2609 540 2668 media
557 2624 633 2684 pace
644 2609 722 2682 quid
737 2625 821 2667 arma
836 2609 946 2668 times?

185 2693 263 2766 Quid
279 2693 373 2752 laeies
389 2692 484 2766 hosti,
507 2694 559 2766 qui
575 2693 620 2751 sio
636 2693 774 2752 excludis
790 2697 964 2750 amantemr

212 2779 375 2851 -Tempora
389 2777 488 2836 noctis
504 2785 583 2836 eunt.
618 2781 728 2835 excute
744 2782 832 2849 poste
853 2781 968 2833 seram!
1075 2807 1077 2814 ·

183 2859 249 2919 Non
265 2875 323 2937 ego
339 2859 482 2919 militibus
498 2860 587 2918 venio
609 2859 767 2919 comitatus
784 2867 814 2919 et
828 2857 933 2916 armis:

227 2943 319 3004 Solus
336 2959 433 3016 eram,
456 2944 558 3001 sinon
576 2958 688 3003 saevus
701 2942 826 3001 adesset
844 2941 949 3000 Amor.

140 3035 174 3088 35
186 3027 273 3087 Hune
289 3043 362 3101 ego,
387 3029 414 3085 si
429 3027 565 3101 cupiam,
588 3042 740 3100 nusquam
755 3025 903 3084 dimittere
917 3039 1061 3098 possum:

224 3113 304 3169 Ante
322 3112 370 3168 vel
385 3127 403 3168 a
418 3108 561 3169 membris
578 3109 697 3168 dividar
710 3111 778 3183 ipse
796 3109 883 3168 mels.
1008 3111 1010 3114 ’

183 3193 262 3267 Ergo
279 3197 375 3252 Amor
391 3201 420 3253 et
433 3193 587 3252 modicum
602 3194 683 3251 eirca
699 3209 767 3252 mea
781 3199 919 3265 tempora
938 3187 1041 3248 vinum

224 3277 345 3336 Mecum
360 3284 408 3336 est
423 3284 453 3336 et
471 3276 602 3336 madidis
618 3278 706 3350 lapsa
722 3290 837 3335 corona
855 3272 961 3332 comis.

183 3361 277 3419 Arma
294 3361 363 3434 quis
379 3359 595 3419 haeetimeatt
617 3361 685 3432 quis
700 3374 760 3416 non
777 3363 826 3416 eat
841 3356 951 3415 obvius
965 3352 1045 3413 illis?

139 3451 175 3502 40
227 3442 378 3519 Tempora
393 3443 492 3502 noetis
508 3450 589 3502 eunt.
620 3447 727 3502 excute
736 3446 830 3512 poste
846 3445 960 3496 seram!

182 3525 295 3586 Lentus
312 3540 423 3600 eman
440 3542 582 3598 somnuS,
604 3525 655 3598 qui
674 3539 708 3581 se
723 3522 801 3580 male
817 3520 941 3596 praebet
956 3519 1081 3588 amanti,
