<?xml version="1.0" encoding="UTF-8"?>
<!DOCTYPE html PUBLIC "-//W3C//DTD XHTML 1.0 Transitional//EN"
    "http://www.w3.org/TR/xhtml1/DTD/xhtml1-transitional.dtd">
<html xmlns="http://www.w3.org/1999/xhtml" xml:lang="en" lang="en">
 <head>
  <title>
</title>
<meta http-equiv="Content-Type" content="text/html;charset=utf-8" />
  <meta name='ocr-system' content='tesseract 3.04.00' />
  <meta name='ocr-capabilities' content='ocr_page ocr_carea ocr_par ocr_line ocrx_word'/>
</head>
<body>
  <div class='ocr_page' id='page_1' title='image "./povidiusnaso02merkgoog_0154.png"; bbox 0 0 2488 4006; ppageno 0'>
   <div class='ocr_carea' id='block_1_1' title="bbox 266 243 1091 323">
    <p class='ocr_par' dir='ltr' id='par_1_1' title="bbox 266 243 1091 323">
     <span class='ocr_line' id='line_1_1' title="bbox 266 243 1091 323; baseline 0.01 -19"><span class='ocrx_word' id='word_1_1' title='bbox 266 243 332 304; x_wconf 83' lang='lat' dir='ltr'>xv.</span> <span class='ocrx_word' id='word_1_2' title='bbox 357 244 463 323; x_wconf 74' lang='lat' dir='ltr'>prun]</span> <span class='ocrx_word' id='word_1_3' title='bbox 486 244 679 304; x_wconf 79' lang='lat' dir='ltr'>nasitus</span> <span class='ocrx_word' id='word_1_4' title='bbox 702 243 899 308; x_wconf 77' lang='lat' dir='ltr'>tas-aso.</span> <span class='ocrx_word' id='word_1_5' title='bbox 1029 247 1091 312; x_wconf 84' lang='lat' dir='ltr'>tao</span> 
     </span>
    </p>
   </div>
   <div class='ocr_carea' id='block_1_2' title="bbox 86 394 1082 3620">
    <p class='ocr_par' dir='ltr' id='par_1_2' title="bbox 86 394 1082 3620">
     <span class='ocr_line' id='line_1_2' title="bbox 157 394 904 471; baseline 0 -15"><span class='ocrx_word' id='word_1_6' title='bbox 157 396 230 456; x_wconf 86' lang='lat' dir='ltr'>Cum</span> <span class='ocrx_word' id='word_1_7' title='bbox 245 394 352 456; x_wconf 86' lang='lat' dir='ltr'>videas</span> <span class='ocrx_word' id='word_1_8' title='bbox 368 396 465 455; x_wconf 84' lang='lat' dir='ltr'>eutms</span> <span class='ocrx_word' id='word_1_9' title='bbox 480 403 586 455; x_wconf 81' lang='lat' dir='ltr'>nostra</span> <span class='ocrx_word' id='word_1_10' title='bbox 601 396 640 454; x_wconf 89' lang='lat' dir='ltr'>de</span> <span class='ocrx_word' id='word_1_11' title='bbox 656 402 747 471; x_wconf 85' lang='lat' dir='ltr'>gente</span> <span class='ocrx_word' id='word_1_12' title='bbox 763 397 904 469; x_wconf 89' lang='lat' dir='ltr'>virorum,</span> 
     </span>
     <span class='ocr_line' id='line_1_3' title="bbox 138 478 887 554; baseline 0 -16"><span class='ocrx_word' id='word_1_13' title='bbox 138 532 143 538; x_wconf 86' lang='grc'><strong><em>,</em></strong></span> <span class='ocrx_word' id='word_1_14' title='bbox 199 479 325 553; x_wconf 81' lang='lat' dir='ltr'><strong>Qualem</strong></span> <span class='ocrx_word' id='word_1_15' title='bbox 338 478 510 554; x_wconf 87' lang='lat' dir='ltr'>Dardanias</span> <span class='ocrx_word' id='word_1_16' title='bbox 526 480 626 538; x_wconf 87' lang='lat' dir='ltr'>credis</span> <span class='ocrx_word' id='word_1_17' title='bbox 641 479 756 539; x_wconf 89' lang='lat' dir='ltr'>habere</span> <span class='ocrx_word' id='word_1_18' title='bbox 771 487 887 540; x_wconf 69' lang='lat' dir='ltr'>nurus?</span> 
     </span>
     <span class='ocr_line' id='line_1_4' title="bbox 92 561 923 640; baseline -0.001 -16"><span class='ocrx_word' id='word_1_19' title='bbox 92 571 144 624; x_wconf 81' lang='lat'>195</span> <span class='ocrx_word' id='word_1_20' title='bbox 155 564 201 624; x_wconf 89' lang='lat' dir='ltr'>Da</span> <span class='ocrx_word' id='word_1_21' title='bbox 215 563 307 624; x_wconf 85' lang='lat' dir='ltr'>modo</span> <span class='ocrx_word' id='word_1_22' title='bbox 322 569 352 622; x_wconf 88' lang='lat' dir='ltr'>te</span> <span class='ocrx_word' id='word_1_23' title='bbox 370 561 499 622; x_wconf 75' lang='lat' dir='ltr'><strong>facilem.</strong></span> <span class='ocrx_word' id='word_1_24' title='bbox 522 579 580 622; x_wconf 88' lang='lat' dir='ltr'>nec</span> <span class='ocrx_word' id='word_1_25' title='bbox 595 563 763 638; x_wconf 79' lang='lat' dir='ltr'>dedignare</span> <span class='ocrx_word' id='word_1_26' title='bbox 777 565 923 640; x_wconf 88' lang='lat' dir='ltr'>maritum,</span> 
     </span>
     <span class='ocr_line' id='line_1_5' title="bbox 152 644 895 723; baseline 0 -17"><span class='ocrx_word' id='word_1_27' title='bbox 152 671 156 680; x_wconf 92' lang='lat'><em>·</em></span> <span class='ocrx_word' id='word_1_28' title='bbox 197 647 280 706; x_wconf 89' lang='lat' dir='ltr'>Rure</span> <span class='ocrx_word' id='word_1_29' title='bbox 294 645 494 720; x_wconf 87' lang='lat' dir='ltr'>Therapnaeo</span> <span class='ocrx_word' id='word_1_30' title='bbox 510 647 711 720; x_wconf 74' lang='lat' dir='ltr'>ratumena,</span> <span class='ocrx_word' id='word_1_31' title='bbox 733 644 895 723; x_wconf 83' lang='lat' dir='ltr'><strong>Phrygem.</strong></span> 
     </span>
     <span class='ocr_line' id='line_1_6' title="bbox 155 729 1048 808; baseline 0.007 -22"><span class='ocrx_word' id='word_1_32' title='bbox 155 729 259 808; x_wconf 81' lang='lat' dir='ltr'>Phryx</span> <span class='ocrx_word' id='word_1_33' title='bbox 274 737 340 789; x_wconf 86' lang='lat' dir='ltr'>arat</span> <span class='ocrx_word' id='word_1_34' title='bbox 353 736 384 789; x_wconf 91' lang='lat' dir='ltr'>et</span> <span class='ocrx_word' id='word_1_35' title='bbox 399 737 504 790; x_wconf 88' lang='lat' dir='ltr'>nostro</span> <span class='ocrx_word' id='word_1_36' title='bbox 523 729 644 808; x_wconf 76' lang='lat' dir='ltr'>genitus</span> <span class='ocrx_word' id='word_1_37' title='bbox 660 731 700 790; x_wconf 91' lang='lat' dir='ltr'>de</span> <span class='ocrx_word' id='word_1_38' title='bbox 714 730 876 803; x_wconf 80' lang='lat' dir='ltr'>sanguine,</span> <span class='ocrx_word' id='word_1_39' title='bbox 901 732 952 805; x_wconf 90' lang='lat' dir='ltr'>qui</span> <span class='ocrx_word' id='word_1_40' title='bbox 970 748 1048 792; x_wconf 89' lang='lat' dir='ltr'>nunc</span> 
     </span>
     <span class='ocr_line' id='line_1_7' title="bbox 198 805 989 887; baseline -0.001 -14"><span class='ocrx_word' id='word_1_41' title='bbox 198 813 270 873; x_wconf 82' lang='lat' dir='ltr'>Cum</span> <span class='ocrx_word' id='word_1_42' title='bbox 288 812 336 872; x_wconf 85' lang='lat' dir='ltr'>dis</span> <span class='ocrx_word' id='word_1_43' title='bbox 352 813 489 887; x_wconf 88' lang='lat' dir='ltr'>potando</span> <span class='ocrx_word' id='word_1_44' title='bbox 504 819 627 872; x_wconf 87' lang='lat' dir='ltr'>nectare</span> <span class='ocrx_word' id='word_1_45' title='bbox 645 813 754 873; x_wconf 87' lang='lat' dir='ltr'>miscet</span> <span class='ocrx_word' id='word_1_46' title='bbox 768 829 874 886; x_wconf 87' lang='lat' dir='ltr'>aquas.</span> <span class='ocrx_word' id='word_1_47' title='bbox 984 805 989 816; x_wconf 87' lang='lat'>&#39;</span> 
     </span>
     <span class='ocr_line' id='line_1_8' title="bbox 154 895 985 974; baseline 0.001 -18"><span class='ocrx_word' id='word_1_48' title='bbox 154 895 258 974; x_wconf 78' lang='lat' dir='ltr'>Phryx</span> <span class='ocrx_word' id='word_1_49' title='bbox 275 903 339 956; x_wconf 87' lang='lat' dir='ltr'>erat</span> <span class='ocrx_word' id='word_1_50' title='bbox 351 898 491 957; x_wconf 76' lang='lat' dir='ltr'><strong>Aurorae</strong></span> <span class='ocrx_word' id='word_1_51' title='bbox 505 896 628 956; x_wconf 88' lang='lat' dir='ltr'>coniux.</span> <span class='ocrx_word' id='word_1_52' title='bbox 650 905 750 956; x_wconf 88' lang='lat' dir='ltr'>tamen</span> <span class='ocrx_word' id='word_1_53' title='bbox 767 895 890 957; x_wconf 86' lang='lat' dir='ltr'>abstulit</span> <span class='ocrx_word' id='word_1_54' title='bbox 903 898 985 958; x_wconf 92' lang='lat' dir='ltr'>illum</span> 
     </span>
     <span class='ocr_line' id='line_1_9' title="bbox 88 979 816 1054; baseline -0.003 -15"><span class='ocrx_word' id='word_1_55' title='bbox 88 989 142 1040; x_wconf 96' lang='grc'>200</span> <span class='ocrx_word' id='word_1_56' title='bbox 195 980 370 1039; x_wconf 82' lang='lat' dir='ltr'>Extremum</span> <span class='ocrx_word' id='word_1_57' title='bbox 385 980 484 1038; x_wconf 87' lang='lat' dir='ltr'>noetis</span> <span class='ocrx_word' id='word_1_58' title='bbox 500 996 579 1054; x_wconf 88' lang='lat' dir='ltr'>quae</span> <span class='ocrx_word' id='word_1_59' title='bbox 596 980 655 1038; x_wconf 90' lang='lat' dir='ltr'>dea</span> <span class='ocrx_word' id='word_1_60' title='bbox 669 979 736 1038; x_wconf 86' lang='lat' dir='ltr'>finit</span> <span class='ocrx_word' id='word_1_61' title='bbox 752 980 816 1039; x_wconf 88' lang='lat' dir='ltr'>iter.</span> 
     </span>
     <span class='ocr_line' id='line_1_10' title="bbox 130 1062 1056 1142; baseline 0.008 -22"><span class='ocrx_word' id='word_1_62' title='bbox 130 1063 133 1068; x_wconf 85' lang='lat'>&#39;</span> <span class='ocrx_word' id='word_1_63' title='bbox 154 1062 257 1142; x_wconf 80' lang='lat' dir='ltr'>Phryx</span> <span class='ocrx_word' id='word_1_64' title='bbox 272 1062 363 1122; x_wconf 87' lang='lat' dir='ltr'>etiam</span> <span class='ocrx_word' id='word_1_65' title='bbox 377 1063 545 1136; x_wconf 84' lang='lat' dir='ltr'>Anchises,</span> <span class='ocrx_word' id='word_1_66' title='bbox 566 1065 725 1122; x_wconf 88' lang='lat' dir='ltr'>voluerum</span> <span class='ocrx_word' id='word_1_67' title='bbox 740 1064 787 1122; x_wconf 90' lang='lat' dir='ltr'>eui</span> <span class='ocrx_word' id='word_1_68' title='bbox 802 1069 898 1123; x_wconf 86' lang='lat' dir='ltr'>mater</span> <span class='ocrx_word' id='word_1_69' title='bbox 909 1067 1056 1126; x_wconf 84' lang='lat' dir='ltr'>Amorum</span> 
     </span>
     <span class='ocr_line' id='line_1_11' title="bbox 197 1145 803 1218; baseline -0.002 -14"><span class='ocrx_word' id='word_1_70' title='bbox 197 1145 316 1204; x_wconf 81' lang='lat' dir='ltr'>Gaudet</span> <span class='ocrx_word' id='word_1_71' title='bbox 330 1146 359 1203; x_wconf 92' lang='lat' dir='ltr'>in</span> <span class='ocrx_word' id='word_1_72' title='bbox 376 1145 477 1204; x_wconf 81' lang='lat' dir='ltr'>Idaeis</span> <span class='ocrx_word' id='word_1_73' title='bbox 494 1145 699 1206; x_wconf 78' lang='lat' dir='ltr'>concubuisse</span> <span class='ocrx_word' id='word_1_74' title='bbox 713 1146 803 1218; x_wconf 80' lang='lat' dir='ltr'>iugis.</span> 
     </span>
     <span class='ocr_line' id='line_1_12' title="bbox 154 1227 932 1304; baseline 0 -16"><span class='ocrx_word' id='word_1_75' title='bbox 154 1229 231 1298; x_wconf 87' lang='lat' dir='ltr'>Nec,</span> <span class='ocrx_word' id='word_1_76' title='bbox 255 1234 344 1304; x_wconf 82' lang='lat' dir='ltr'>pato,</span> <span class='ocrx_word' id='word_1_77' title='bbox 369 1229 498 1288; x_wconf 81' lang='lat' dir='ltr'>conlatis</span> <span class='ocrx_word' id='word_1_78' title='bbox 513 1229 612 1296; x_wconf 79' lang='lat' dir='ltr'>forma</span> <span class='ocrx_word' id='word_1_79' title='bbox 626 1227 783 1286; x_wconf 80' lang='lat' dir='ltr'>Menelaus</span> <span class='ocrx_word' id='word_1_80' title='bbox 799 1235 829 1287; x_wconf 88' lang='lat' dir='ltr'>et</span> <span class='ocrx_word' id='word_1_81' title='bbox 844 1243 932 1288; x_wconf 85' lang='lat' dir='ltr'>anms</span> 
     </span>
     <span class='ocr_line' id='line_1_13' title="bbox 195 1310 769 1371; baseline -0.002 0"><span class='ocrx_word' id='word_1_82' title='bbox 195 1312 300 1371; x_wconf 82' lang='lat' dir='ltr'>Iudice</span> <span class='ocrx_word' id='word_1_83' title='bbox 318 1310 451 1370; x_wconf 85' lang='lat' dir='ltr'>tenebis</span> <span class='ocrx_word' id='word_1_84' title='bbox 467 1311 685 1371; x_wconf 82' lang='lat' dir='ltr'>anteferendus</span> <span class='ocrx_word' id='word_1_85' title='bbox 702 1311 769 1370; x_wconf 90' lang='lat' dir='ltr'>erit.</span> 
     </span>
     <span class='ocr_line' id='line_1_14' title="bbox 86 1393 966 1468; baseline -0.005 -12"><span class='ocrx_word' id='word_1_86' title='bbox 86 1405 139 1456; x_wconf 80' lang='grc'>205</span> <span class='ocrx_word' id='word_1_87' title='bbox 151 1395 217 1456; x_wconf 92' lang='lat' dir='ltr'>Non</span> <span class='ocrx_word' id='word_1_88' title='bbox 235 1395 376 1454; x_wconf 87' lang='lat' dir='ltr'>dabimus</span> <span class='ocrx_word' id='word_1_89' title='bbox 391 1401 474 1455; x_wconf 83' lang='lat' dir='ltr'>certe</span> <span class='ocrx_word' id='word_1_90' title='bbox 488 1411 629 1457; x_wconf 84' lang='lat' dir='ltr'>socerum</span> <span class='ocrx_word' id='word_1_91' title='bbox 645 1393 698 1454; x_wconf 88' lang='lat' dir='ltr'>tibi</span> <span class='ocrx_word' id='word_1_92' title='bbox 713 1395 795 1452; x_wconf 85' lang='lat' dir='ltr'>clara</span> <span class='ocrx_word' id='word_1_93' title='bbox 810 1395 966 1468; x_wconf 79' lang='lat' dir='ltr'>fugantem</span> 
     </span>
     <span class='ocr_line' id='line_1_15' title="bbox 196 1479 939 1553; baseline -0.007 -15"><span class='ocrx_word' id='word_1_94' title='bbox 196 1479 336 1551; x_wconf 87' lang='lat' dir='ltr'>Lumina,</span> <span class='ocrx_word' id='word_1_95' title='bbox 362 1479 413 1552; x_wconf 90' lang='lat' dir='ltr'>qui</span> <span class='ocrx_word' id='word_1_96' title='bbox 428 1479 566 1553; x_wconf 83' lang='lat' dir='ltr'>trepidos</span> <span class='ocrx_word' id='word_1_97' title='bbox 583 1495 602 1538; x_wconf 91' lang='lat' dir='ltr'>a</span> <span class='ocrx_word' id='word_1_98' title='bbox 616 1479 695 1551; x_wconf 89' lang='lat' dir='ltr'>dape</span> <span class='ocrx_word' id='word_1_99' title='bbox 712 1483 809 1536; x_wconf 89' lang='lat' dir='ltr'>vertat</span> <span class='ocrx_word' id='word_1_100' title='bbox 823 1494 939 1551; x_wconf 85' lang='lat' dir='ltr'>equos:</span> 
     </span>
     <span class='ocr_line' id='line_1_16' title="bbox 154 1561 1007 1636; baseline -0.001 -16"><span class='ocrx_word' id='word_1_101' title='bbox 154 1562 217 1622; x_wconf 87' lang='lat' dir='ltr'>Nee</span> <span class='ocrx_word' id='word_1_102' title='bbox 233 1561 351 1622; x_wconf 83' lang='lat' dir='ltr'>Priamo</span> <span class='ocrx_word' id='word_1_103' title='bbox 368 1569 455 1636; x_wconf 87' lang='lat' dir='ltr'>peter</span> <span class='ocrx_word' id='word_1_104' title='bbox 469 1569 517 1622; x_wconf 87' lang='lat' dir='ltr'>est</span> <span class='ocrx_word' id='word_1_105' title='bbox 534 1561 635 1621; x_wconf 84' lang='lat' dir='ltr'>soceri</span> <span class='ocrx_word' id='word_1_106' title='bbox 651 1562 690 1620; x_wconf 91' lang='lat' dir='ltr'>de</span> <span class='ocrx_word' id='word_1_107' title='bbox 705 1561 801 1620; x_wconf 86' lang='lat' dir='ltr'>caede</span> <span class='ocrx_word' id='word_1_108' title='bbox 817 1569 969 1633; x_wconf 87' lang='lat' dir='ltr'>cruentus,</span> <span class='ocrx_word' id='word_1_109' title='bbox 1004 1623 1007 1632; x_wconf 68' lang='grc'><em>,</em></span> 
     </span>
     <span class='ocr_line' id='line_1_17' title="bbox 195 1644 835 1720; baseline -0.005 -18"><span class='ocrx_word' id='word_1_110' title='bbox 195 1645 232 1703; x_wconf 89' lang='lat' dir='ltr'>Et</span> <span class='ocrx_word' id='word_1_111' title='bbox 248 1645 300 1718; x_wconf 91' lang='lat' dir='ltr'>qui</span> <span class='ocrx_word' id='word_1_112' title='bbox 314 1645 451 1720; x_wconf 80' lang='lat' dir='ltr'>Myrtoas</span> <span class='ocrx_word' id='word_1_113' title='bbox 466 1645 594 1704; x_wconf 25' lang='lat' dir='ltr'>&#39;crimine</span> <span class='ocrx_word' id='word_1_114' title='bbox 608 1644 710 1718; x_wconf 82' lang='lat' dir='ltr'>signat</span> <span class='ocrx_word' id='word_1_115' title='bbox 723 1659 835 1716; x_wconf 80' lang='lat' dir='ltr'>aquas:</span> 
     </span>
     <span class='ocr_line' id='line_1_18' title="bbox 153 1727 909 1804; baseline 0 -18"><span class='ocrx_word' id='word_1_116' title='bbox 153 1728 215 1788; x_wconf 89' lang='lat' dir='ltr'>Nec</span> <span class='ocrx_word' id='word_1_117' title='bbox 231 1743 348 1802; x_wconf 90' lang='lat' dir='ltr'>proavo</span> <span class='ocrx_word' id='word_1_118' title='bbox 365 1727 473 1804; x_wconf 80' lang='lat' dir='ltr'>Stygia</span> <span class='ocrx_word' id='word_1_119' title='bbox 487 1733 593 1788; x_wconf 86' lang='lat' dir='ltr'>nostro</span> <span class='ocrx_word' id='word_1_120' title='bbox 609 1734 768 1801; x_wconf 86' lang='lat' dir='ltr'>captantur</span> <span class='ocrx_word' id='word_1_121' title='bbox 780 1728 811 1784; x_wconf 90' lang='lat' dir='ltr'>in</span> <span class='ocrx_word' id='word_1_122' title='bbox 826 1728 909 1786; x_wconf 87' lang='lat' dir='ltr'>unda</span> 
     </span>
     <span class='ocr_line' id='line_1_19' title="bbox 88 1810 936 1884; baseline -0.007 -12"><span class='ocrx_word' id='word_1_123' title='bbox 88 1821 142 1872; x_wconf 77' lang='grc'>210</span> <span class='ocrx_word' id='word_1_124' title='bbox 194 1810 302 1883; x_wconf 90' lang='lat' dir='ltr'>Poma,</span> <span class='ocrx_word' id='word_1_125' title='bbox 325 1826 382 1870; x_wconf 86' lang='lat' dir='ltr'>nec</span> <span class='ocrx_word' id='word_1_126' title='bbox 397 1813 427 1870; x_wconf 91' lang='lat' dir='ltr'>in</span> <span class='ocrx_word' id='word_1_127' title='bbox 442 1811 551 1871; x_wconf 90' lang='lat' dir='ltr'>mediis</span> <span class='ocrx_word' id='word_1_128' title='bbox 567 1811 721 1884; x_wconf 87' lang='lat' dir='ltr'>quaeritur</span> <span class='ocrx_word' id='word_1_129' title='bbox 737 1825 824 1867; x_wconf 90' lang='lat' dir='ltr'>umor</span> <span class='ocrx_word' id='word_1_130' title='bbox 838 1813 936 1883; x_wconf 83' lang='lat' dir='ltr'>anuis.</span> 
     </span>
     <span class='ocr_line' id='line_1_20' title="bbox 155 1893 985 1968; baseline 0 -14"><span class='ocrx_word' id='word_1_131' title='bbox 155 1895 232 1968; x_wconf 79' lang='lat' dir='ltr'>Quid</span> <span class='ocrx_word' id='word_1_132' title='bbox 247 1902 347 1954; x_wconf 85' lang='lat' dir='ltr'>tamen</span> <span class='ocrx_word' id='word_1_133' title='bbox 363 1895 422 1955; x_wconf 89' lang='lat' dir='ltr'>hoe</span> <span class='ocrx_word' id='word_1_134' title='bbox 436 1894 543 1968; x_wconf 80' lang='lat' dir='ltr'>refert,</span> <span class='ocrx_word' id='word_1_135' title='bbox 565 1895 592 1954; x_wconf 91' lang='lat' dir='ltr'>si</span> <span class='ocrx_word' id='word_1_136' title='bbox 607 1901 637 1954; x_wconf 88' lang='lat' dir='ltr'>te</span> <span class='ocrx_word' id='word_1_137' title='bbox 652 1900 734 1954; x_wconf 88' lang='lat' dir='ltr'>tenet</span> <span class='ocrx_word' id='word_1_138' title='bbox 749 1900 833 1952; x_wconf 89' lang='lat' dir='ltr'>ortus</span> <span class='ocrx_word' id='word_1_139' title='bbox 850 1893 888 1954; x_wconf 88' lang='lat' dir='ltr'>ab</span> <span class='ocrx_word' id='word_1_140' title='bbox 904 1895 985 1956; x_wconf 79' lang='lat' dir='ltr'>ittist</span> 
     </span>
     <span class='ocr_line' id='line_1_21' title="bbox 197 1977 876 2054; baseline -0.001 -17"><span class='ocrx_word' id='word_1_141' title='bbox 197 1977 320 2052; x_wconf 80' lang='lat' dir='ltr'>Cogitur</span> <span class='ocrx_word' id='word_1_142' title='bbox 333 1977 405 2039; x_wconf 88' lang='lat' dir='ltr'>huic</span> <span class='ocrx_word' id='word_1_143' title='bbox 420 1977 524 2038; x_wconf 91' lang='lat' dir='ltr'>domui</span> <span class='ocrx_word' id='word_1_144' title='bbox 539 1979 674 2054; x_wconf 90' lang='lat' dir='ltr'>luppiter</span> <span class='ocrx_word' id='word_1_145' title='bbox 689 1993 761 2038; x_wconf 87' lang='lat' dir='ltr'>esse</span> <span class='ocrx_word' id='word_1_146' title='bbox 777 1993 876 2039; x_wconf 87' lang='lat' dir='ltr'>socer.</span> 
     </span>
     <span class='ocr_line' id='line_1_22' title="bbox 154 2061 846 2137; baseline 0.003 -17"><span class='ocrx_word' id='word_1_147' title='bbox 154 2061 221 2121; x_wconf 90' lang='lat' dir='ltr'>Heu</span> <span class='ocrx_word' id='word_1_148' title='bbox 236 2062 371 2122; x_wconf 75' lang='lat' dir='ltr'>facinus!</span> <span class='ocrx_word' id='word_1_149' title='bbox 395 2063 464 2122; x_wconf 90' lang='lat' dir='ltr'>totis</span> <span class='ocrx_word' id='word_1_150' title='bbox 480 2063 624 2137; x_wconf 84' lang='lat' dir='ltr'>indignus</span> <span class='ocrx_word' id='word_1_151' title='bbox 639 2063 779 2123; x_wconf 86' lang='lat' dir='ltr'>noctibus</span> <span class='ocrx_word' id='word_1_152' title='bbox 796 2064 846 2122; x_wconf 90' lang='lat' dir='ltr'>ille</span> 
     </span>
     <span class='ocr_line' id='line_1_23' title="bbox 194 2145 830 2220; baseline 0.003 -18"><span class='ocrx_word' id='word_1_153' title='bbox 194 2145 236 2203; x_wconf 85' lang='lat' dir='ltr'>Te</span> <span class='ocrx_word' id='word_1_154' title='bbox 249 2152 345 2216; x_wconf 88' lang='lat' dir='ltr'>tenet,</span> <span class='ocrx_word' id='word_1_155' title='bbox 369 2148 513 2220; x_wconf 87' lang='lat' dir='ltr'>amplexu</span> <span class='ocrx_word' id='word_1_156' title='bbox 528 2147 752 2220; x_wconf 78' lang='lat' dir='ltr'>perfruiturque</span> <span class='ocrx_word' id='word_1_157' title='bbox 768 2155 830 2206; x_wconf 86' lang='lat' dir='ltr'>tuo.</span> 
     </span>
     <span class='ocr_line' id='line_1_24' title="bbox 88 2227 962 2304; baseline -0.006 -15"><span class='ocrx_word' id='word_1_158' title='bbox 88 2229 193 2289; x_wconf 83' lang='grc' dir='ltr'>215Αο</span> <span class='ocrx_word' id='word_1_159' title='bbox 209 2227 280 2286; x_wconf 90' lang='lat' dir='ltr'>mihi</span> <span class='ocrx_word' id='word_1_160' title='bbox 296 2230 487 2302; x_wconf 84' lang='lat' dir='ltr'>conspiceris</span> <span class='ocrx_word' id='word_1_161' title='bbox 505 2231 604 2304; x_wconf 86' lang='lat' dir='ltr'>posita</span> <span class='ocrx_word' id='word_1_162' title='bbox 622 2231 674 2290; x_wconf 90' lang='lat' dir='ltr'>vix</span> <span class='ocrx_word' id='word_1_163' title='bbox 693 2229 826 2302; x_wconf 87' lang='lat' dir='ltr'>danique</span> <span class='ocrx_word' id='word_1_164' title='bbox 841 2245 962 2288; x_wconf 84' lang='lat' dir='ltr'>mensa:</span> 
     </span>
     <span class='ocr_line' id='line_1_25' title="bbox 196 2311 1082 2386; baseline 0.001 -16"><span class='ocrx_word' id='word_1_165' title='bbox 196 2311 366 2386; x_wconf 83' lang='lat' dir='ltr'>Multaque,</span> <span class='ocrx_word' id='word_1_166' title='bbox 388 2328 468 2386; x_wconf 86' lang='lat' dir='ltr'>quae</span> <span class='ocrx_word' id='word_1_167' title='bbox 484 2313 620 2384; x_wconf 84' lang='lat' dir='ltr'>laedant,</span> <span class='ocrx_word' id='word_1_168' title='bbox 641 2314 700 2372; x_wconf 87' lang='lat' dir='ltr'>hoc</span> <span class='ocrx_word' id='word_1_169' title='bbox 716 2327 839 2386; x_wconf 85' lang='lat' dir='ltr'>quoque</span> <span class='ocrx_word' id='word_1_170' title='bbox 854 2317 973 2386; x_wconf 90' lang='lat' dir='ltr'>tempus</span> <span class='ocrx_word' id='word_1_171' title='bbox 989 2313 1082 2372; x_wconf 81' lang='lat' dir='ltr'>habet</span> 
     </span>
     <span class='ocr_line' id='line_1_26' title="bbox 153 2394 841 2466; baseline -0.001 -13"><span class='ocrx_word' id='word_1_172' title='bbox 153 2394 301 2454; x_wconf 88' lang='lat' dir='ltr'>Hostibus</span> <span class='ocrx_word' id='word_1_173' title='bbox 319 2395 461 2454; x_wconf 89' lang='lat' dir='ltr'>eveniant</span> <span class='ocrx_word' id='word_1_174' title='bbox 475 2397 617 2455; x_wconf 89' lang='lat' dir='ltr'>convivia</span> <span class='ocrx_word' id='word_1_175' title='bbox 632 2397 703 2454; x_wconf 86' lang='lat' dir='ltr'>talia</span> <span class='ocrx_word' id='word_1_176' title='bbox 718 2395 841 2466; x_wconf 89' lang='lat' dir='ltr'>nostris,</span> 
     </span>
     <span class='ocr_line' id='line_1_27' title="bbox 195 2478 798 2553; baseline -0.002 -18"><span class='ocrx_word' id='word_1_177' title='bbox 195 2478 346 2552; x_wconf 86' lang='lat' dir='ltr'>Experior</span> <span class='ocrx_word' id='word_1_178' title='bbox 359 2480 461 2553; x_wconf 85' lang='lat' dir='ltr'>posito</span> <span class='ocrx_word' id='word_1_179' title='bbox 478 2478 580 2553; x_wconf 87' lang='lat' dir='ltr'>qualia</span> <span class='ocrx_word' id='word_1_180' title='bbox 593 2495 690 2553; x_wconf 90' lang='lat' dir='ltr'>saepe</span> <span class='ocrx_word' id='word_1_181' title='bbox 704 2494 798 2538; x_wconf 89' lang='lat' dir='ltr'>mero.</span> 
     </span>
     <span class='ocr_line' id='line_1_28' title="bbox 152 2561 917 2638; baseline 0 -18"><span class='ocrx_word' id='word_1_182' title='bbox 152 2561 289 2622; x_wconf 83' lang='lat' dir='ltr'>Paenitet</span> <span class='ocrx_word' id='word_1_183' title='bbox 301 2562 441 2637; x_wconf 88' lang='lat' dir='ltr'>hospitii,</span> <span class='ocrx_word' id='word_1_184' title='bbox 465 2579 533 2622; x_wconf 88' lang='lat' dir='ltr'>cum</span> <span class='ocrx_word' id='word_1_185' title='bbox 548 2579 596 2638; x_wconf 77' lang='lat' dir='ltr'>nte</span> <span class='ocrx_word' id='word_1_186' title='bbox 611 2569 769 2636; x_wconf 81' lang='lat' dir='ltr'>spectante</span> <span class='ocrx_word' id='word_1_187' title='bbox 787 2561 917 2620; x_wconf 85' lang='lat' dir='ltr'>lacertos</span> 
     </span>
     <span class='ocr_line' id='line_1_29' title="bbox 91 2646 721 2720; baseline -0.008 -15"><span class='ocrx_word' id='word_1_188' title='bbox 91 2655 142 2706; x_wconf 87' lang='grc'>220</span> <span class='ocrx_word' id='word_1_189' title='bbox 195 2646 328 2720; x_wconf 85' lang='lat' dir='ltr'>Imponit</span> <span class='ocrx_word' id='word_1_190' title='bbox 341 2646 420 2706; x_wconf 89' lang='lat' dir='ltr'>colio</span> <span class='ocrx_word' id='word_1_191' title='bbox 437 2646 569 2706; x_wconf 85' lang='lat' dir='ltr'>rusticus</span> <span class='ocrx_word' id='word_1_192' title='bbox 585 2647 642 2707; x_wconf 89' lang='lat' dir='ltr'>iste</span> <span class='ocrx_word' id='word_1_193' title='bbox 659 2647 721 2705; x_wconf 88' lang='lat' dir='ltr'>tuo.</span> 
     </span>
     <span class='ocr_line' id='line_1_30' title="bbox 152 2723 1036 2804; baseline -0.005 -16"><span class='ocrx_word' id='word_1_194' title='bbox 152 2729 291 2804; x_wconf 88' lang='lat' dir='ltr'>Rumpor</span> <span class='ocrx_word' id='word_1_195' title='bbox 305 2737 335 2789; x_wconf 86' lang='lat' dir='ltr'>et</span> <span class='ocrx_word' id='word_1_196' title='bbox 349 2729 504 2789; x_wconf 87' lang='lat' dir='ltr'>invideo...</span> <span class='ocrx_word' id='word_1_197' title='bbox 522 2729 628 2803; x_wconf 90' lang='lat' dir='ltr'>quidni</span> <span class='ocrx_word' id='word_1_198' title='bbox 643 2735 743 2788; x_wconf 86' lang='lat' dir='ltr'>tamen</span> <span class='ocrx_word' id='word_1_199' title='bbox 761 2723 862 2786; x_wconf 86' lang='lat' dir='ltr'>omnia</span> <span class='ocrx_word' id='word_1_200' title='bbox 878 2733 1036 2786; x_wconf 78' lang='lat' dir='ltr'>narrcmt..</span> 
     </span>
     <span class='ocr_line' id='line_1_31' title="bbox 195 2811 949 2888; baseline -0.001 -18"><span class='ocrx_word' id='word_1_201' title='bbox 195 2811 332 2872; x_wconf 86' lang='lat' dir='ltr'>Membra</span> <span class='ocrx_word' id='word_1_202' title='bbox 350 2813 522 2888; x_wconf 84' lang='lat' dir='ltr'>superiecta</span> <span class='ocrx_word' id='word_1_203' title='bbox 538 2828 604 2872; x_wconf 88' lang='lat' dir='ltr'>eum</span> <span class='ocrx_word' id='word_1_204' title='bbox 621 2820 673 2871; x_wconf 88' lang='lat' dir='ltr'>tua</span> <span class='ocrx_word' id='word_1_205' title='bbox 690 2820 775 2870; x_wconf 87' lang='lat' dir='ltr'>veste</span> <span class='ocrx_word' id='word_1_206' title='bbox 791 2812 883 2870; x_wconf 82' lang='lat' dir='ltr'>fovet.</span> <span class='ocrx_word' id='word_1_207' title='bbox 946 2851 949 2858; x_wconf 81' lang='lat'>·</span> 
     </span>
     <span class='ocr_line' id='line_1_32' title="bbox 156 2893 869 2963; baseline -0.001 -9"><span class='ocrx_word' id='word_1_208' title='bbox 156 2893 267 2956; x_wconf 82' lang='lat' dir='ltr'>Oscula</span> <span class='ocrx_word' id='word_1_209' title='bbox 281 2913 350 2956; x_wconf 87' lang='lat' dir='ltr'>cum</span> <span class='ocrx_word' id='word_1_210' title='bbox 368 2913 442 2956; x_wconf 87' lang='lat' dir='ltr'>vero</span> <span class='ocrx_word' id='word_1_211' title='bbox 458 2912 562 2956; x_wconf 89' lang='lat' dir='ltr'>ceram</span> <span class='ocrx_word' id='word_1_212' title='bbox 576 2913 637 2956; x_wconf 93' lang='lat' dir='ltr'>non</span> <span class='ocrx_word' id='word_1_213' title='bbox 654 2896 731 2955; x_wconf 87' lang='lat' dir='ltr'>dura</span> <span class='ocrx_word' id='word_1_214' title='bbox 747 2895 869 2963; x_wconf 69' lang='lat' dir='ltr'>daretis</span> 
     </span>
     <span class='ocr_line' id='line_1_33' title="bbox 195 2981 882 3054; baseline -0.004 -16"><span class='ocrx_word' id='word_1_215' title='bbox 195 2983 274 3039; x_wconf 77' lang='lat' dir='ltr'>Ante</span> <span class='ocrx_word' id='word_1_216' title='bbox 291 2983 397 3040; x_wconf 89' lang='lat' dir='ltr'>oculos</span> <span class='ocrx_word' id='word_1_217' title='bbox 415 2981 506 3054; x_wconf 88' lang='lat' dir='ltr'>posui</span> <span class='ocrx_word' id='word_1_218' title='bbox 521 2982 633 3054; x_wconf 85' lang='lat' dir='ltr'>poeula</span> <span class='ocrx_word' id='word_1_219' title='bbox 650 2986 772 3053; x_wconf 87' lang='lat' dir='ltr'>sumpta</span> <span class='ocrx_word' id='word_1_220' title='bbox 786 2993 882 3037; x_wconf 89' lang='lat' dir='ltr'>meos.</span> 
     </span>
     <span class='ocr_line' id='line_1_34' title="bbox 92 3062 849 3136; baseline -0.003 -13"><span class='ocrx_word' id='word_1_221' title='bbox 92 3072 142 3124; x_wconf 80' lang='grc'>225</span> <span class='ocrx_word' id='word_1_222' title='bbox 154 3062 281 3122; x_wconf 89' lang='lat' dir='ltr'>Lumina</span> <span class='ocrx_word' id='word_1_223' title='bbox 295 3064 435 3136; x_wconf 88' lang='lat' dir='ltr'>demitto,</span> <span class='ocrx_word' id='word_1_224' title='bbox 457 3080 526 3123; x_wconf 88' lang='lat' dir='ltr'>eum</span> <span class='ocrx_word' id='word_1_225' title='bbox 540 3071 570 3123; x_wconf 88' lang='lat' dir='ltr'>te</span> <span class='ocrx_word' id='word_1_226' title='bbox 584 3071 665 3122; x_wconf 84' lang='lat' dir='ltr'>tenet</span> <span class='ocrx_word' id='word_1_227' title='bbox 681 3063 775 3121; x_wconf 88' lang='lat' dir='ltr'>artius</span> <span class='ocrx_word' id='word_1_228' title='bbox 789 3063 849 3135; x_wconf 87' lang='lat' dir='ltr'>iile,</span> 
     </span>
     <span class='ocr_line' id='line_1_35' title="bbox 197 3145 806 3207; baseline -0.003 -2"><span class='ocrx_word' id='word_1_229' title='bbox 197 3147 312 3206; x_wconf 86' lang='lat' dir='ltr'>Crescit</span> <span class='ocrx_word' id='word_1_230' title='bbox 327 3153 357 3207; x_wconf 87' lang='lat' dir='ltr'>et</span> <span class='ocrx_word' id='word_1_231' title='bbox 369 3147 464 3206; x_wconf 88' lang='lat' dir='ltr'>invito</span> <span class='ocrx_word' id='word_1_232' title='bbox 479 3148 580 3206; x_wconf 87' lang='lat' dir='ltr'>lentus</span> <span class='ocrx_word' id='word_1_233' title='bbox 596 3147 626 3204; x_wconf 90' lang='lat' dir='ltr'>in</span> <span class='ocrx_word' id='word_1_234' title='bbox 641 3163 695 3205; x_wconf 89' lang='lat' dir='ltr'>ore</span> <span class='ocrx_word' id='word_1_235' title='bbox 710 3145 806 3205; x_wconf 89' lang='lat' dir='ltr'>cibus.</span> 
     </span>
     <span class='ocr_line' id='line_1_36' title="bbox 154 3226 885 3304; baseline -0.004 -16"><span class='ocrx_word' id='word_1_236' title='bbox 154 3228 255 3304; x_wconf 87' lang='lat' dir='ltr'>Saepe</span> <span class='ocrx_word' id='word_1_237' title='bbox 271 3229 342 3288; x_wconf 90' lang='lat' dir='ltr'>dedi</span> <span class='ocrx_word' id='word_1_238' title='bbox 357 3231 497 3304; x_wconf 83' lang='lat' dir='ltr'>gemitus.</span> <span class='ocrx_word' id='word_1_239' title='bbox 521 3237 551 3291; x_wconf 88' lang='lat' dir='ltr'>et</span> <span class='ocrx_word' id='word_1_240' title='bbox 564 3239 607 3302; x_wconf 91' lang='lat' dir='ltr'>te,</span> <span class='ocrx_word' id='word_1_241' title='bbox 627 3230 758 3301; x_wconf 87' lang='lat' dir='ltr'>lasciva,</span> <span class='ocrx_word' id='word_1_242' title='bbox 781 3226 885 3288; x_wconf 85' lang='lat' dir='ltr'>notavi</span> 
     </span>
     <span class='ocr_line' id='line_1_37' title="bbox 196 3313 790 3386; baseline -0.003 -15"><span class='ocrx_word' id='word_1_243' title='bbox 196 3314 229 3371; x_wconf 94' lang='lat' dir='ltr'>In</span> <span class='ocrx_word' id='word_1_244' title='bbox 245 3313 358 3386; x_wconf 82' lang='lat' dir='ltr'>gemitu</span> <span class='ocrx_word' id='word_1_245' title='bbox 373 3315 469 3373; x_wconf 88' lang='lat' dir='ltr'>risum</span> <span class='ocrx_word' id='word_1_246' title='bbox 483 3330 545 3373; x_wconf 92' lang='lat' dir='ltr'>non</span> <span class='ocrx_word' id='word_1_247' title='bbox 561 3315 698 3374; x_wconf 88' lang='lat' dir='ltr'>tenuisse</span> <span class='ocrx_word' id='word_1_248' title='bbox 712 3328 790 3371; x_wconf 92' lang='lat' dir='ltr'>meo.</span> 
     </span>
     <span class='ocr_line' id='line_1_38' title="bbox 155 3392 968 3469; baseline -0.007 -15"><span class='ocrx_word' id='word_1_249' title='bbox 155 3394 257 3469; x_wconf 87' lang='lat' dir='ltr'>Saepe</span> <span class='ocrx_word' id='word_1_250' title='bbox 275 3413 359 3456; x_wconf 90' lang='lat' dir='ltr'>mero</span> <span class='ocrx_word' id='word_1_251' title='bbox 375 3399 458 3457; x_wconf 83' lang='lat' dir='ltr'>volui</span> <span class='ocrx_word' id='word_1_252' title='bbox 474 3396 626 3457; x_wconf 83' lang='lat' dir='ltr'>flammant</span> <span class='ocrx_word' id='word_1_253' title='bbox 641 3409 850 3468; x_wconf 85' lang='lat' dir='ltr'>compescere.</span> <span class='ocrx_word' id='word_1_254' title='bbox 872 3398 902 3450; x_wconf 89' lang='lat' dir='ltr'>at</span> <span class='ocrx_word' id='word_1_255' title='bbox 917 3392 968 3449; x_wconf 84' lang='lat' dir='ltr'>itta</span> 
     </span>
     <span class='ocr_line' id='line_1_39' title="bbox 92 3475 822 3557; baseline -0.007 -20"><span class='ocrx_word' id='word_1_256' title='bbox 92 3485 143 3538; x_wconf 80' lang='grc'>230</span> <span class='ocrx_word' id='word_1_257' title='bbox 196 3479 310 3553; x_wconf 88' lang='lat' dir='ltr'>Crevit,</span> <span class='ocrx_word' id='word_1_258' title='bbox 335 3489 364 3539; x_wconf 91' lang='lat' dir='ltr'>et</span> <span class='ocrx_word' id='word_1_259' title='bbox 381 3481 513 3542; x_wconf 84' lang='lat' dir='ltr'>ebrietes</span> <span class='ocrx_word' id='word_1_260' title='bbox 529 3481 607 3555; x_wconf 86' lang='lat' dir='ltr'>ignis</span> <span class='ocrx_word' id='word_1_261' title='bbox 624 3481 654 3538; x_wconf 86' lang='lat' dir='ltr'>in</span> <span class='ocrx_word' id='word_1_262' title='bbox 673 3479 742 3552; x_wconf 82' lang='lat' dir='ltr'>igne</span> <span class='ocrx_word' id='word_1_263' title='bbox 756 3475 822 3557; x_wconf 76' lang='lat' dir='ltr'>fuit.</span> 
     </span>
     <span class='ocr_line' id='line_1_40' title="bbox 114 3562 925 3620; baseline -0.001 -2"><span class='ocrx_word' id='word_1_264' title='bbox 114 3576 192 3620; x_wconf 80' lang='lat' dir='ltr'>ovio.</span> <span class='ocrx_word' id='word_1_265' title='bbox 216 3562 237 3619; x_wconf 91' lang='lat' dir='ltr'>l.</span> <span class='ocrx_word' id='word_1_266' title='bbox 589 3575 591 3580; x_wconf 80' lang='grc'><strong>’</strong></span> <span class='ocrx_word' id='word_1_267' title='bbox 909 3565 925 3617; x_wconf 83' lang='grc'>9</span> 
     </span>
    </p>
   </div>
   <div class='ocr_carea' id='block_1_3' title="bbox 0 0 1248 4006">
    <p class='ocr_par' dir='ltr' id='par_1_3' title="bbox 0 0 1248 4006">
     <span class='ocr_line' id='line_1_41' title="bbox 0 0 1248 4006; baseline 0 0"><span class='ocrx_word' id='word_1_268' title='bbox 0 0 1248 4006; x_wconf 95' lang='lat' dir='ltr'> </span> 
     </span>
    </p>
   </div>
  </div>
 </body>
</html>
