2472 4010
430 239 457 312 1,
475 237 670 314 1,24-3,
690 238 740 301 15.

167 391 253 450 Mens
268 391 357 451 Bona
372 391 499 450 ducetur
512 391 651 452 manibus
669 399 740 467 post
754 399 840 467 terga
856 393 978 453 retortis

207 475 244 534 Et
260 475 363 535 Pudor
383 481 414 533 et
431 477 539 534 castris
561 476 709 550 quidquid
724 475 849 536 Amoris
861 477 962 537 obest.

169 557 273 617 Omnia
289 565 320 617 te
337 566 479 619 metuent.
508 560 549 618 ad
563 567 593 620 te
610 575 666 620 sua
681 559 824 620 bracchia
841 561 970 621 tendens

196 643 326 716 -Volgus
341 640 397 701 ‘io’
416 659 525 717 magna
541 659 621 704 voce
638 643 824 718 ‘Triumphe’
840 652 937 703 canet.

123 732 154 786 ³5
168 726 334 784 Blanditiae
351 727 477 786 comites
493 725 546 786 tibi
564 735 651 787 erunt
665 727 819 802 Errorque
833 726 1006 804 Furorque,

206 809 348 868 Adsidue
367 816 469 884 partes
484 811 574 870 turba
590 819 695 871 secuta
710 818 789 871 tues.

166 893 220 952 His
238 900 270 953 ιιι
286 893 431 953 militibus
447 910 578 968 superas
593 894 796 970 hominesque
811 895 961 969 deosque.

207 976 292 1034 Haeo
308 975 361 1035 tibi
377 977 404 1034 si
419 977 525 1036 demas
540 980 717 1050 commoda,
742 979 843 1039 nudus
861 979 933 1038 eris.

166 1058 258 1117 Laeta
274 1059 470 1134 triumphanti
486 1059 525 1118 de
541 1076 660 1121 summo
676 1069 772 1119 mater
787 1063 912 1136 olympo

125 1147 159 1200 lc
209 1141 351 1216 Plaudet,
374 1147 404 1200 et
417 1141 576 1216 adpositas
594 1151 719 1219 sparget
733 1144 763 1201 iu
780 1161 834 1203 ora
849 1159 950 1204 rosas.

164 1223 208 1282 Tu
222 1225 333 1298 pinnas
350 1240 487 1299 gemma,
508 1241 628 1300 gemma
641 1227 779 1285 variante
795 1224 924 1302 capillos

206 1307 268 1367 lbis
280 1309 310 1367 in
327 1309 441 1368 auratis
457 1325 567 1369 aureus
583 1311 651 1385 ipse
668 1309 753 1368 rotis.

165 1390 248 1450 Tune
266 1406 389 1466 quoque
410 1408 471 1451 uon
488 1409 622 1467 paueoS,
646 1394 672 1452 si
687 1399 718 1452 te
733 1392 813 1452 bene
829 1393 988 1469 novimus,
1011 1412 1097 1458 ures=

206 1477 289 1534 Tunc
309 1491 434 1550 quoque
450 1479 637 1550 praeteriens
653 1477 780 1537 vulnera
796 1478 889 1538 multa
905 1473 1002 1540 dabis.

124 1566 156 1618 45
167 1557 234 1616 Non
251 1566 395 1632 possunt,
418 1558 489 1618 licet
504 1560 572 1634 ipse
589 1561 682 1631 velis,
706 1575 830 1620 cessare
845 1563 989 1636 sagittae:

206 1642 340 1702 Fervida
354 1643 454 1701 vicino
471 1641 594 1702 flamma
609 1659 728 1718 vapore
743 1650 843 1703 nocet.

163 1726 242 1785 Talis
260 1733 325 1786 erat
341 1725 455 1786 domita
473 1725 614 1786 Bacchus
634 1727 803 1800 Gangetide
818 1735 908 1786 terra.

205 1809 250 1870 Tu
265 1810 371 1885 gravis
386 1808 523 1882 alitibus,
546 1811 674 1884 tigribus
692 1809 743 1868 ille
762 1811 826 1870 luit.
978 1805 981 1812 '

163 1894 242 1969 Ergo
260 1910 329 1953 eum
347 1891 465 1968 possim
482 1893 562 1952 sacri
581 1909 653 1968 pars
673 1908 745 1952 esse
758 1893 915 1980 triumphi,

121 1987 156 2038 50
205 1977 300 2037 Parce
316 1985 385 2037 tuas
401 1978 431 2036 ιιι
448 1991 496 2034 me
512 1977 657 2068 perdere,
679 1973 791 2049 victor,
815 1993 901 2050 opes.

161 2061 278 2136 Aspice
294 2059 416 2136 cognati
430 2060 532 2120 lelioia
547 2049 687 2120 Caesaris
705 2075 803 2118 arma.
876 2107 880 2112 .

204 2146 270 2219 Qua
288 2145 373 2220 vicit,
394 2144 493 2204 victos
510 2152 580 2218 prot
582 2145 643 2218 egit
631 2144 707 2203 tilla
724 2158 825 2202 manu.

103 2277 127 2368 3
154 2277 249 2372 'usta
264 2326 383 2387 precor.
418 2325 498 2384 quae
519 2326 568 2368 me
583 2303 679 2384 ntlper
698 2311 845 2384 praedata
862 2313 965 2384 puella
983 2321 1044 2384 est,

203 2397 266 2456 Aut
254 2403 375 2468 tharne
399 2403 452 2454 aut
470 2394 575 2467 laclat,
599 2409 652 2452 cur
670 2409 728 2469 ego
744 2409 867 2468 semper
884 2411 993 2455 amem.

159 2482 205 2553 A,
222 2481 346 2540 nimium
362 2480 463 2538 voluit
485 2485 602 2538 tantum
618 2478 749 2552 patiatur
765 2477 876 2536 autari·

204 2564 343 2622 Audierit
363 2571 486 2623 nostras
507 2569 553 2620 tot
570 2561 720 2656 Cytherea
737 2576 854 2636 preces.

131 2647 293 2721 5Accipe,
317 2649 496 2722 perlongus
513 2645 567 2705 tibi
582 2645 634 2718 qui
649 2645 808 2704 deserviat
822 2659 936 2703 annos.

201 2730 334 2805 Accipe,
359 2731 505 2806 quipura
518 2728 598 2788 norit
613 2743 715 2787 amare
726 2728 801 2807 tilde.

161 2812 195 2873 Si
212 2831 261 2890 rne
278 2822 493 2880 non-veterum
508 2813 723 2872 commendant
736 2827 847 2884 magna
866 2818 1025 2886 parentum

125 2956 129 2963 .
202 2898 345 2972 Nomina,
368 2899 395 2958 si
411 2898 507 2959 nostri
523 2896 682 2971 sanguinis
698 2902 804 2954 auctor
822 2910 934 2970 eques,

159 2981 223 3040 Nec
238 2998 326 3042 meus
344 2982 510 3042 innumeris
525 2986 693 3040 renovatur
710 2993 838 3054 campus
855 2979 978 3052 aratris,

115 3072 153 3124 ιο
206 3065 367 3140 Temperat
384 3074 414 3125 et
429 3071 568 3140 sumptus
584 3079 698 3140 parcus
713 3069 842 3137 uterquc
861 3077 989 3138 parens:

158 3149 202 3206 At
215 3147 358 3222 Phoebus
374 3151 564 3222 comitesque
580 3161 694 3207 novem
710 3146 850 3220 vitisque·
863 3147 1002 3221 repertor
1081 3153 1083 3160 '

118 3297 121 3302 ,
201 3232 279 3292 Hinc
299 3233 485 3292 iaciuntt
454 3239 546 3292 alme
563 3232 641 3308 quit
629 3231 807 3302 tibi'donat,
828 3232 939 3299 Amor,

158 3315 198 3375 Et
213 3317 287 3376 nulli
304 3331 432 3378 cessura
446 3315 541 3389 fides,
565 3317 632 3376 sine
648 3314 775 3375 crimine
792 3328 911 3384 mores,

201 3400 351 3476 Nudaque
368 3401 547 3476 simplicitas
562 3408 799 3480 purpureusque
815 3395 925 3468 pudor

110 3492 147 3542 15
160 3483 230 3543 Non
247 3485 320 3545 mihi
340 3486 421 3544 mille
437 3485 567 3560 placent.
599 3501 661 3544 non
677 3492 745 3542 sum
760 3478 897 3538 desultor
907 3475 1046 3620 1ιιηιιιοιιε
