<?xml version="1.0" encoding="UTF-8"?>
<!DOCTYPE html PUBLIC "-//W3C//DTD XHTML 1.0 Transitional//EN"
    "http://www.w3.org/TR/xhtml1/DTD/xhtml1-transitional.dtd">
<html xmlns="http://www.w3.org/1999/xhtml" xml:lang="en" lang="en">
 <head>
  <title>
</title>
<meta http-equiv="Content-Type" content="text/html;charset=utf-8" />
  <meta name='ocr-system' content='tesseract 3.04.00' />
  <meta name='ocr-capabilities' content='ocr_page ocr_carea ocr_par ocr_line ocrx_word'/>
</head>
<body>
  <div class='ocr_page' id='page_1' title='image "./povidiusnaso02merkgoog_0211.png"; bbox 0 0 2498 4008; ppageno 0'>
   <div class='ocr_carea' id='block_1_1' title="bbox 122 233 785 298">
    <p class='ocr_par' dir='ltr' id='par_1_1' title="bbox 122 233 785 298">
     <span class='ocr_line' id='line_1_1' title="bbox 122 233 785 298; baseline -0.011 0"><span class='ocrx_word' id='word_1_1' title='bbox 122 235 185 298; x_wconf 75' lang='lat'>186</span> <span class='ocrx_word' id='word_1_2' title='bbox 485 233 625 294; x_wconf 76' lang='lat' dir='ltr'>naris</span> <span class='ocrx_word' id='word_1_3' title='bbox 647 235 785 296; x_wconf 84' lang='lat' dir='ltr'><strong>AMAT.</strong></span> 
     </span>
    </p>
   </div>
   <div class='ocr_carea' id='block_1_2' title="bbox 136 384 1153 3551">
    <p class='ocr_par' dir='ltr' id='par_1_2' title="bbox 136 384 1153 3551">
     <span class='ocr_line' id='line_1_2' title="bbox 207 384 968 462; baseline -0.008 -16"><span class='ocrx_word' id='word_1_4' title='bbox 207 386 278 446; x_wconf 88' lang='lat' dir='ltr'>Vim</span> <span class='ocrx_word' id='word_1_5' title='bbox 294 400 389 462; x_wconf 91' lang='lat' dir='ltr'>passa</span> <span class='ocrx_word' id='word_1_6' title='bbox 403 394 452 446; x_wconf 89' lang='lat' dir='ltr'>est</span> <span class='ocrx_word' id='word_1_7' title='bbox 464 384 597 446; x_wconf 89' lang='lat' dir='ltr'>Phoebe.</span> <span class='ocrx_word' id='word_1_8' title='bbox 621 386 670 444; x_wconf 90' lang='lat' dir='ltr'>vls</span> <span class='ocrx_word' id='word_1_9' title='bbox 686 393 734 445; x_wconf 88' lang='lat' dir='ltr'>est</span> <span class='ocrx_word' id='word_1_10' title='bbox 747 387 838 446; x_wconf 87' lang='lat' dir='ltr'>allata</span> <span class='ocrx_word' id='word_1_11' title='bbox 853 385 968 445; x_wconf 67' lang='lat' dir='ltr'>sororia</span> 
     </span>
     <span class='ocr_line' id='line_1_3' title="bbox 139 469 866 544; baseline -0.011 -10"><span class='ocrx_word' id='word_1_12' title='bbox 139 481 197 534; x_wconf 76' lang='lat' dir='ltr'>titio</span> <span class='ocrx_word' id='word_1_13' title='bbox 249 470 287 528; x_wconf 85' lang='lat' dir='ltr'>Et</span> <span class='ocrx_word' id='word_1_14' title='bbox 301 470 404 542; x_wconf 72' lang='lat' dir='ltr'>gratus</span> <span class='ocrx_word' id='word_1_15' title='bbox 419 475 526 542; x_wconf 88' lang='lat' dir='ltr'>raptae</span> <span class='ocrx_word' id='word_1_16' title='bbox 540 477 644 544; x_wconf 90' lang='lat' dir='ltr'>raptor</span> <span class='ocrx_word' id='word_1_17' title='bbox 660 476 788 543; x_wconf 88' lang='lat' dir='ltr'>uterque</span> <span class='ocrx_word' id='word_1_18' title='bbox 803 469 866 528; x_wconf 86' lang='lat' dir='ltr'>luit.</span> 
     </span>
     <span class='ocr_line' id='line_1_4' title="bbox 206 551 994 628; baseline -0.004 -15"><span class='ocrx_word' id='word_1_19' title='bbox 206 554 320 613; x_wconf 88' lang='lat' dir='ltr'>Fabula</span> <span class='ocrx_word' id='word_1_20' title='bbox 335 559 410 612; x_wconf 88' lang='lat' dir='ltr'>nota</span> <span class='ocrx_word' id='word_1_21' title='bbox 423 552 560 627; x_wconf 88' lang='lat' dir='ltr'>quidem,</span> <span class='ocrx_word' id='word_1_22' title='bbox 584 551 640 611; x_wconf 92' lang='lat' dir='ltr'>sed</span> <span class='ocrx_word' id='word_1_23' title='bbox 657 568 718 611; x_wconf 88' lang='lat' dir='ltr'>nou</span> <span class='ocrx_word' id='word_1_24' title='bbox 733 553 857 628; x_wconf 83' lang='lat' dir='ltr'>indigna</span> <span class='ocrx_word' id='word_1_25' title='bbox 871 553 994 626; x_wconf 69' lang='lat' dir='ltr'>referri,¹</span> 
     </span>
     <span class='ocr_line' id='line_1_5' title="bbox 251 635 887 712; baseline -0.005 -16"><span class='ocrx_word' id='word_1_26' title='bbox 251 635 377 712; x_wconf 82' lang='lat' dir='ltr'>Scyrias</span> <span class='ocrx_word' id='word_1_27' title='bbox 391 636 560 696; x_wconf 88' lang='lat' dir='ltr'>Haemonio</span> <span class='ocrx_word' id='word_1_28' title='bbox 579 636 681 696; x_wconf 88' lang='lat' dir='ltr'>iuncta</span> <span class='ocrx_word' id='word_1_29' title='bbox 694 636 797 711; x_wconf 89' lang='lat' dir='ltr'>puella</span> <span class='ocrx_word' id='word_1_30' title='bbox 813 637 887 694; x_wconf 88' lang='lat' dir='ltr'>viro.</span> 
     </span>
     <span class='ocr_line' id='line_1_6' title="bbox 208 718 995 793; baseline 0.003 -15"><span class='ocrx_word' id='word_1_31' title='bbox 208 721 272 778; x_wconf 90' lang='lat' dir='ltr'>lam</span> <span class='ocrx_word' id='word_1_32' title='bbox 287 719 345 778; x_wconf 90' lang='lat' dir='ltr'>dea</span> <span class='ocrx_word' id='word_1_33' title='bbox 360 719 501 779; x_wconf 78' lang='lat' dir='ltr'>laudatae</span> <span class='ocrx_word' id='word_1_34' title='bbox 516 718 643 778; x_wconf 84' lang='lat' dir='ltr'>dederat</span> <span class='ocrx_word' id='word_1_35' title='bbox 657 735 714 778; x_wconf 92' lang='lat' dir='ltr'>sua</span> <span class='ocrx_word' id='word_1_36' title='bbox 729 719 864 793; x_wconf 88' lang='lat' dir='ltr'>praemia</span> <span class='ocrx_word' id='word_1_37' title='bbox 879 719 995 780; x_wconf 81' lang='lat' dir='ltr'>formae</span> 
     </span>
     <span class='ocr_line' id='line_1_7' title="bbox 252 802 871 877; baseline -0.01 -15"><span class='ocrx_word' id='word_1_38' title='bbox 252 803 335 862; x_wconf 83' lang='lat' dir='ltr'>Colle</span> <span class='ocrx_word' id='word_1_39' title='bbox 351 803 408 862; x_wconf 91' lang='lat' dir='ltr'>sub</span> <span class='ocrx_word' id='word_1_40' title='bbox 423 802 515 862; x_wconf 90' lang='lat' dir='ltr'>Idaeo</span> <span class='ocrx_word' id='word_1_41' title='bbox 531 804 654 862; x_wconf 84' lang='lat' dir='ltr'>vincere</span> <span class='ocrx_word' id='word_1_42' title='bbox 670 802 762 877; x_wconf 81' lang='lat' dir='ltr'>digna</span> <span class='ocrx_word' id='word_1_43' title='bbox 779 804 871 862; x_wconf 80' lang='lat' dir='ltr'>duas:</span> 
     </span>
     <span class='ocr_line' id='line_1_8' title="bbox 139 885 974 960; baseline -0.007 -9"><span class='ocrx_word' id='word_1_44' title='bbox 139 895 196 951; x_wconf 78' lang='grc'>685</span> <span class='ocrx_word' id='word_1_45' title='bbox 207 887 270 946; x_wconf 85' lang='lat' dir='ltr'>lam</span> <span class='ocrx_word' id='word_1_46' title='bbox 284 902 378 946; x_wconf 89' lang='lat' dir='ltr'>nurus</span> <span class='ocrx_word' id='word_1_47' title='bbox 394 886 434 945; x_wconf 91' lang='lat' dir='ltr'>ad</span> <span class='ocrx_word' id='word_1_48' title='bbox 447 885 596 945; x_wconf 81' lang='lat' dir='ltr'><strong>Priamum</strong></span> <span class='ocrx_word' id='word_1_49' title='bbox 612 885 734 946; x_wconf 90' lang='lat' dir='ltr'>diverso</span> <span class='ocrx_word' id='word_1_50' title='bbox 749 893 877 944; x_wconf 89' lang='lat' dir='ltr'>venerat</span> <span class='ocrx_word' id='word_1_51' title='bbox 891 887 974 960; x_wconf 88' lang='lat' dir='ltr'>orbe,</span> 
     </span>
     <span class='ocr_line' id='line_1_9' title="bbox 252 969 927 1044; baseline -0.006 -16"><span class='ocrx_word' id='word_1_52' title='bbox 252 969 405 1044; x_wconf 83' lang='lat' dir='ltr'>Graiaque</span> <span class='ocrx_word' id='word_1_53' title='bbox 419 969 450 1028; x_wconf 92' lang='lat' dir='ltr'>in</span> <span class='ocrx_word' id='word_1_54' title='bbox 464 969 564 1028; x_wconf 87' lang='lat' dir='ltr'>Iliacis</span> <span class='ocrx_word' id='word_1_55' title='bbox 579 969 739 1031; x_wconf 83' lang='lat' dir='ltr'>moenibus</span> <span class='ocrx_word' id='word_1_56' title='bbox 754 985 834 1028; x_wconf 86' lang='lat' dir='ltr'>uxor</span> <span class='ocrx_word' id='word_1_57' title='bbox 848 979 927 1030; x_wconf 78' lang='lat' dir='ltr'>erat:</span> 
     </span>
     <span class='ocr_line' id='line_1_10' title="bbox 208 1049 898 1114; baseline -0.009 -2"><span class='ocrx_word' id='word_1_58' title='bbox 208 1052 350 1112; x_wconf 76' lang='lat' dir='ltr'>Iurabant</span> <span class='ocrx_word' id='word_1_59' title='bbox 366 1069 471 1114; x_wconf 91' lang='lat' dir='ltr'>omnes</span> <span class='ocrx_word' id='word_1_60' title='bbox 486 1053 517 1112; x_wconf 95' lang='lat' dir='ltr'>in</span> <span class='ocrx_word' id='word_1_61' title='bbox 534 1052 610 1112; x_wconf 88' lang='lat' dir='ltr'>laesi</span> <span class='ocrx_word' id='word_1_62' title='bbox 627 1049 720 1114; x_wconf 83' lang='lat' dir='ltr'>verb&#39;a</span> <span class='ocrx_word' id='word_1_63' title='bbox 731 1053 841 1112; x_wconf 84' lang='lat' dir='ltr'>mariti:</span> <span class='ocrx_word' id='word_1_64' title='bbox 895 1082 898 1086; x_wconf 89' lang='lat'><em>-</em></span> 
     </span>
     <span class='ocr_line' id='line_1_11' title="bbox 250 1135 862 1210; baseline -0.002 -16"><span class='ocrx_word' id='word_1_65' title='bbox 250 1137 326 1195; x_wconf 90' lang='lat' dir='ltr'>Nam</span> <span class='ocrx_word' id='word_1_66' title='bbox 341 1137 432 1195; x_wconf 91' lang='lat' dir='ltr'>dolor</span> <span class='ocrx_word' id='word_1_67' title='bbox 447 1136 536 1196; x_wconf 92' lang='lat' dir='ltr'>unius</span> <span class='ocrx_word' id='word_1_68' title='bbox 552 1135 674 1210; x_wconf 84' lang='lat' dir='ltr'>publiea</span> <span class='ocrx_word' id='word_1_69' title='bbox 690 1151 784 1196; x_wconf 87' lang='lat' dir='ltr'>causa</span> <span class='ocrx_word' id='word_1_70' title='bbox 798 1136 862 1195; x_wconf 92' lang='lat' dir='ltr'>luit.</span> 
     </span>
     <span class='ocr_line' id='line_1_12' title="bbox 208 1218 1131 1294; baseline 0.001 -18"><span class='ocrx_word' id='word_1_71' title='bbox 208 1219 323 1294; x_wconf 90' lang='lat' dir='ltr'>Turpe,</span> <span class='ocrx_word' id='word_1_72' title='bbox 347 1220 405 1278; x_wconf 91' lang='lat' dir='ltr'>nisi</span> <span class='ocrx_word' id='word_1_73' title='bbox 420 1219 480 1279; x_wconf 88' lang='lat' dir='ltr'>hoc</span> <span class='ocrx_word' id='word_1_74' title='bbox 498 1219 602 1278; x_wconf 89' lang='lat' dir='ltr'>matris</span> <span class='ocrx_word' id='word_1_75' title='bbox 619 1219 762 1294; x_wconf 84' lang='lat' dir='ltr'>precibus</span> <span class='ocrx_word' id='word_1_76' title='bbox 777 1219 969 1293; x_wconf 85' lang='lat' dir='ltr'>tribuisset,..</span> <span class='ocrx_word' id='word_1_77' title='bbox 989 1218 1131 1278; x_wconf 84' lang='lat' dir='ltr'>Achilles</span> 
     </span>
     <span class='ocr_line' id='line_1_13' title="bbox 138 1301 877 1376; baseline -0.009 -9"><span class='ocrx_word' id='word_1_78' title='bbox 138 1311 198 1367; x_wconf 80' lang='grc'><strong>-690</strong></span> <span class='ocrx_word' id='word_1_79' title='bbox 251 1303 346 1362; x_wconf 89' lang='lat' dir='ltr'>Veste</span> <span class='ocrx_word' id='word_1_80' title='bbox 363 1303 460 1362; x_wconf 87' lang='lat' dir='ltr'>virum</span> <span class='ocrx_word' id='word_1_81' title='bbox 474 1303 566 1376; x_wconf 79' lang='lat' dir='ltr'>longa</span> <span class='ocrx_word' id='word_1_82' title='bbox 581 1301 790 1363; x_wconf 88' lang='lat' dir='ltr'>dissimulatus</span> <span class='ocrx_word' id='word_1_83' title='bbox 804 1309 877 1361; x_wconf 91' lang='lat' dir='ltr'>erat.</span> 
     </span>
     <span class='ocr_line' id='line_1_14' title="bbox 209 1385 1062 1459; baseline -0.002 -13"><span class='ocrx_word' id='word_1_84' title='bbox 209 1385 286 1459; x_wconf 79' lang='lat' dir='ltr'>Quid</span> <span class='ocrx_word' id='word_1_85' title='bbox 302 1385 393 1457; x_wconf 89' lang='lat' dir='ltr'>lacis,</span> <span class='ocrx_word' id='word_1_86' title='bbox 415 1387 572 1444; x_wconf 62' lang='lat' dir='ltr'>Aeacide?</span> <span class='ocrx_word' id='word_1_87' title='bbox 594 1403 655 1446; x_wconf 90' lang='lat' dir='ltr'>non</span> <span class='ocrx_word' id='word_1_88' title='bbox 670 1394 741 1446; x_wconf 91' lang='lat' dir='ltr'>sunt</span> <span class='ocrx_word' id='word_1_89' title='bbox 757 1395 808 1448; x_wconf 90' lang='lat' dir='ltr'>tua</span> <span class='ocrx_word' id='word_1_90' title='bbox 823 1401 948 1445; x_wconf 88' lang='lat' dir='ltr'>munera</span> <span class='ocrx_word' id='word_1_91' title='bbox 962 1387 1062 1444; x_wconf 88' lang='lat' dir='ltr'>lanae.</span> 
     </span>
     <span class='ocr_line' id='line_1_15' title="bbox 250 1468 827 1544; baseline -0.002 -17"><span class='ocrx_word' id='word_1_92' title='bbox 250 1468 295 1528; x_wconf 89' lang='lat' dir='ltr'>Tu</span> <span class='ocrx_word' id='word_1_93' title='bbox 310 1469 412 1528; x_wconf 89' lang='lat' dir='ltr'>titulos</span> <span class='ocrx_word' id='word_1_94' title='bbox 429 1469 488 1528; x_wconf 89' lang='lat' dir='ltr'>alia</span> <span class='ocrx_word' id='word_1_95' title='bbox 501 1469 634 1533; x_wconf 89' lang='lat' dir='ltr'>Palladis</span> <span class='ocrx_word' id='word_1_96' title='bbox 650 1477 714 1528; x_wconf 86' lang='lat' dir='ltr'>arte</span> <span class='ocrx_word' id='word_1_97' title='bbox 729 1478 827 1544; x_wconf 88' lang='lat' dir='ltr'>petas.</span> 
     </span>
     <span class='ocr_line' id='line_1_16' title="bbox 209 1547 1153 1627; baseline -0.004 -13"><span class='ocrx_word' id='word_1_98' title='bbox 209 1552 287 1626; x_wconf 79' lang='lat' dir='ltr'>Quid</span> <span class='ocrx_word' id='word_1_99' title='bbox 302 1549 354 1610; x_wconf 90' lang='lat' dir='ltr'>libi</span> <span class='ocrx_word' id='word_1_100' title='bbox 369 1566 437 1612; x_wconf 88' lang='lat' dir='ltr'>cum</span> <span class='ocrx_word' id='word_1_101' title='bbox 453 1552 602 1612; x_wconf 78' lang='lat' dir='ltr'>calathis?</span> <span class='ocrx_word' id='word_1_102' title='bbox 624 1553 722 1627; x_wconf 86' lang='lat' dir='ltr'>clipeo</span> <span class='ocrx_word' id='word_1_103' title='bbox 739 1569 848 1614; x_wconf 89' lang='lat' dir='ltr'>manus</span> <span class='ocrx_word' id='word_1_104' title='bbox 865 1559 936 1626; x_wconf 88' lang='lat' dir='ltr'>apta</span> <span class='ocrx_word' id='word_1_105' title='bbox 951 1551 1079 1611; x_wconf 82' lang='lat' dir='ltr'>serendo</span> <span class='ocrx_word' id='word_1_106' title='bbox 1092 1547 1153 1610; x_wconf 75' lang='lat' dir='ltr'>est</span> 
     </span>
     <span class='ocr_line' id='line_1_17' title="bbox 249 1634 1093 1710; baseline 0.001 -17"><span class='ocrx_word' id='word_1_107' title='bbox 249 1635 350 1695; x_wconf 87' lang='lat' dir='ltr'>Pensa</span> <span class='ocrx_word' id='word_1_108' title='bbox 365 1637 438 1708; x_wconf 93' lang='lat' dir='ltr'>quid</span> <span class='ocrx_word' id='word_1_109' title='bbox 453 1637 483 1695; x_wconf 92' lang='lat' dir='ltr'>in</span> <span class='ocrx_word' id='word_1_110' title='bbox 499 1636 620 1708; x_wconf 86' lang='lat' dir='ltr'>dextra,</span> <span class='ocrx_word' id='word_1_111' title='bbox 645 1654 706 1710; x_wconf 92' lang='lat' dir='ltr'>qua</span> <span class='ocrx_word' id='word_1_112' title='bbox 721 1636 810 1697; x_wconf 87' lang='lat' dir='ltr'>eadat</span> <span class='ocrx_word' id='word_1_113' title='bbox 823 1636 951 1710; x_wconf 85' lang='lat' dir='ltr'>Hector,</span> <span class='ocrx_word' id='word_1_114' title='bbox 972 1634 1093 1694; x_wconf 75' lang='lat' dir='ltr'>hatest</span> 
     </span>
     <span class='ocr_line' id='line_1_18' title="bbox 136 1719 903 1796; baseline -0.009 -12"><span class='ocrx_word' id='word_1_115' title='bbox 136 1727 195 1784; x_wconf 64' lang='lat'>4595</span> <span class='ocrx_word' id='word_1_116' title='bbox 207 1719 302 1779; x_wconf 84' lang='lat' dir='ltr'>Reice</span> <span class='ocrx_word' id='word_1_117' title='bbox 317 1719 490 1780; x_wconf 89' lang='lat' dir='ltr'>succinctos</span> <span class='ocrx_word' id='word_1_118' title='bbox 506 1735 640 1796; x_wconf 88' lang='lat' dir='ltr'>operoso</span> <span class='ocrx_word' id='word_1_119' title='bbox 657 1719 785 1779; x_wconf 88' lang='lat' dir='ltr'>stamine</span> <span class='ocrx_word' id='word_1_120' title='bbox 800 1719 903 1778; x_wconf 85' lang='lat' dir='ltr'>lusos!</span> 
     </span>
     <span class='ocr_line' id='line_1_19' title="bbox 252 1801 902 1874; baseline -0.006 -12"><span class='ocrx_word' id='word_1_121' title='bbox 252 1801 434 1874; x_wconf 81' lang='lat' dir='ltr'>Quassanda</span> <span class='ocrx_word' id='word_1_122' title='bbox 448 1810 496 1862; x_wconf 91' lang='lat' dir='ltr'>est</span> <span class='ocrx_word' id='word_1_123' title='bbox 510 1803 569 1862; x_wconf 88' lang='lat' dir='ltr'>isla</span> <span class='ocrx_word' id='word_1_124' title='bbox 583 1802 682 1862; x_wconf 87' lang='lat' dir='ltr'>Pelias</span> <span class='ocrx_word' id='word_1_125' title='bbox 697 1803 786 1862; x_wconf 82' lang='lat' dir='ltr'>lrasta</span> <span class='ocrx_word' id='word_1_126' title='bbox 802 1818 902 1861; x_wconf 89' lang='lat' dir='ltr'>manu.</span> 
     </span>
     <span class='ocr_line' id='line_1_20' title="bbox 208 1880 933 1960; baseline -0.001 -17"><span class='ocrx_word' id='word_1_127' title='bbox 208 1884 298 1946; x_wconf 86' lang='lat' dir='ltr'>Forte</span> <span class='ocrx_word' id='word_1_128' title='bbox 313 1881 379 1944; x_wconf 88' lang='lat' dir='ltr'>erat</span> <span class='ocrx_word' id='word_1_129' title='bbox 392 1886 422 1944; x_wconf 95' lang='lat' dir='ltr'>in</span> <span class='ocrx_word' id='word_1_130' title='bbox 436 1885 568 1946; x_wconf 89' lang='lat' dir='ltr'>thalamo</span> <span class='ocrx_word' id='word_1_131' title='bbox 584 1886 671 1960; x_wconf 83' lang='lat' dir='ltr'>virgo</span> <span class='ocrx_word' id='word_1_132' title='bbox 686 1887 798 1960; x_wconf 83' lang='lat' dir='ltr'>regalis</span> <span class='ocrx_word' id='word_1_133' title='bbox 809 1880 933 1946; x_wconf 87' lang='lat' dir='ltr'>‘eodem</span> 
     </span>
     <span class='ocr_line' id='line_1_21' title="bbox 252 1968 927 2043; baseline -0.003 -17"><span class='ocrx_word' id='word_1_134' title='bbox 252 1968 334 2026; x_wconf 87' lang='lat' dir='ltr'>Haec</span> <span class='ocrx_word' id='word_1_135' title='bbox 349 1968 432 2027; x_wconf 91' lang='lat' dir='ltr'>illum</span> <span class='ocrx_word' id='word_1_136' title='bbox 448 1976 554 2043; x_wconf 91' lang='lat' dir='ltr'>stupro</span> <span class='ocrx_word' id='word_1_137' title='bbox 571 1969 721 2043; x_wconf 90' lang='lat' dir='ltr'>comperit</span> <span class='ocrx_word' id='word_1_138' title='bbox 735 1984 805 2028; x_wconf 92' lang='lat' dir='ltr'>esse</span> <span class='ocrx_word' id='word_1_139' title='bbox 820 1969 927 2027; x_wconf 89' lang='lat' dir='ltr'>virum.</span> 
     </span>
     <span class='ocr_line' id='line_1_22' title="bbox 207 2050 1057 2126; baseline -0.009 -14"><span class='ocrx_word' id='word_1_140' title='bbox 207 2050 332 2112; x_wconf 83' lang='lat' dir='ltr'>Viribus</span> <span class='ocrx_word' id='word_1_141' title='bbox 347 2051 398 2110; x_wconf 92' lang='lat' dir='ltr'>illa</span> <span class='ocrx_word' id='word_1_142' title='bbox 413 2052 536 2126; x_wconf 90' lang='lat' dir='ltr'>quidern</span> <span class='ocrx_word' id='word_1_143' title='bbox 550 2054 631 2112; x_wconf 88' lang='lat' dir='ltr'>vieta</span> <span class='ocrx_word' id='word_1_144' title='bbox 646 2060 703 2112; x_wconf 89' lang='lat' dir='ltr'>est.</span> <span class='ocrx_word' id='word_1_145' title='bbox 725 2053 765 2111; x_wconf 90' lang='lat' dir='ltr'>ita</span> <span class='ocrx_word' id='word_1_146' title='bbox 779 2051 905 2110; x_wconf 87' lang='lat' dir='ltr'>eredere</span> <span class='ocrx_word' id='word_1_147' title='bbox 921 2057 1057 2124; x_wconf 75' lang='lat' dir='ltr'>oportet:</span> 
     </span>
     <span class='ocr_line' id='line_1_23' title="bbox 138 2133 841 2198; baseline -0.01 0"><span class='ocrx_word' id='word_1_148' title='bbox 138 2143 196 2198; x_wconf 71' lang='lat' dir='ltr'>too</span> <span class='ocrx_word' id='word_1_149' title='bbox 251 2133 314 2193; x_wconf 89' lang='lat' dir='ltr'>Sed</span> <span class='ocrx_word' id='word_1_150' title='bbox 330 2133 425 2195; x_wconf 88' lang='lat' dir='ltr'>voluit</span> <span class='ocrx_word' id='word_1_151' title='bbox 439 2137 519 2194; x_wconf 86' lang='lat' dir='ltr'>vinei</span> <span class='ocrx_word' id='word_1_152' title='bbox 534 2135 650 2195; x_wconf 89' lang='lat' dir='ltr'>viribus</span> <span class='ocrx_word' id='word_1_153' title='bbox 666 2136 718 2194; x_wconf 91' lang='lat' dir='ltr'>illa</span> <span class='ocrx_word' id='word_1_154' title='bbox 732 2142 841 2194; x_wconf 90' lang='lat' dir='ltr'>tamen.</span> 
     </span>
     <span class='ocr_line' id='line_1_24' title="bbox 209 2215 1108 2293; baseline -0.001 -16"><span class='ocrx_word' id='word_1_155' title='bbox 209 2216 311 2291; x_wconf 87' lang='lat' dir='ltr'>Saepe</span> <span class='ocrx_word' id='word_1_156' title='bbox 327 2222 457 2278; x_wconf 76' lang='lat' dir='ltr'>‘manet&#39;</span> <span class='ocrx_word' id='word_1_157' title='bbox 479 2219 568 2293; x_wconf 88' lang='lat' dir='ltr'>dixit,</span> <span class='ocrx_word' id='word_1_158' title='bbox 589 2235 656 2279; x_wconf 90' lang='lat' dir='ltr'>cum</span> <span class='ocrx_word' id='word_1_159' title='bbox 672 2219 731 2277; x_wconf 89' lang='lat' dir='ltr'>iarn</span> <span class='ocrx_word' id='word_1_160' title='bbox 746 2222 925 2293; x_wconf 83' lang='lat' dir='ltr'>properaret</span> <span class='ocrx_word' id='word_1_161' title='bbox 935 2215 1108 2276; x_wconf 79' lang='lat' dir='ltr'>Achilles...</span> 
     </span>
     <span class='ocr_line' id='line_1_25' title="bbox 249 2299 934 2376; baseline -0.004 -16"><span class='ocrx_word' id='word_1_162' title='bbox 249 2299 351 2361; x_wconf 85' lang='lat' dir='ltr'>Fortia</span> <span class='ocrx_word' id='word_1_163' title='bbox 366 2317 435 2360; x_wconf 92' lang='lat' dir='ltr'>narn</span> <span class='ocrx_word' id='word_1_164' title='bbox 452 2302 552 2376; x_wconf 90' lang='lat' dir='ltr'>posito</span> <span class='ocrx_word' id='word_1_165' title='bbox 569 2310 743 2376; x_wconf 86' lang='lat' dir='ltr'>sumpserat</span> <span class='ocrx_word' id='word_1_166' title='bbox 757 2317 841 2360; x_wconf 87' lang='lat' dir='ltr'>arma</span> <span class='ocrx_word' id='word_1_167' title='bbox 856 2301 934 2360; x_wconf 89' lang='lat' dir='ltr'>eolo.</span> 
     </span>
     <span class='ocr_line' id='line_1_26' title="bbox 207 2383 1048 2458; baseline -0.002 -15"><span class='ocrx_word' id='word_1_168' title='bbox 207 2383 264 2444; x_wconf 89' lang='lat' dir='ltr'>Vis</span> <span class='ocrx_word' id='word_1_169' title='bbox 280 2383 333 2444; x_wconf 91' lang='lat' dir='ltr'>ubi</span> <span class='ocrx_word' id='word_1_170' title='bbox 347 2400 426 2444; x_wconf 86' lang='lat' dir='ltr'>nune</span> <span class='ocrx_word' id='word_1_171' title='bbox 441 2385 493 2444; x_wconf 92' lang='lat' dir='ltr'>illa</span> <span class='ocrx_word' id='word_1_172' title='bbox 508 2392 576 2445; x_wconf 76' lang='lat' dir='ltr'>esta</span> <span class='ocrx_word' id='word_1_173' title='bbox 607 2385 684 2458; x_wconf 79' lang='lat' dir='ltr'>Quid</span> <span class='ocrx_word' id='word_1_174' title='bbox 698 2384 811 2444; x_wconf 88' lang='lat' dir='ltr'>blanda</span> <span class='ocrx_word' id='word_1_175' title='bbox 826 2399 903 2444; x_wconf 83' lang='lat' dir='ltr'>voce</span> <span class='ocrx_word' id='word_1_176' title='bbox 918 2383 1048 2444; x_wconf 91' lang='lat' dir='ltr'>moraris</span> 
     </span>
     <span class='ocr_line' id='line_1_27' title="bbox 251 2468 821 2542; baseline 0 -17"><span class='ocrx_word' id='word_1_177' title='bbox 251 2469 414 2528; x_wconf 80' lang='lat' dir='ltr'>Auctorem</span> <span class='ocrx_word' id='word_1_178' title='bbox 430 2469 541 2542; x_wconf 86' lang='lat' dir='ltr'>stupri,</span> <span class='ocrx_word' id='word_1_179' title='bbox 564 2468 737 2541; x_wconf 83' lang='lat' dir='ltr'>Deidamia,</span> <span class='ocrx_word' id='word_1_180' title='bbox 758 2468 821 2534; x_wconf 74' lang='lat' dir='ltr'>tuin</span> 
     </span>
     <span class='ocr_line' id='line_1_28' title="bbox 136 2547 1036 2626; baseline -0.007 -13"><span class='ocrx_word' id='word_1_181' title='bbox 136 2559 194 2613; x_wconf 74' lang='lat'>705</span> <span class='ocrx_word' id='word_1_182' title='bbox 207 2550 329 2611; x_wconf 89' lang='lat' dir='ltr'>Scilicet</span> <span class='ocrx_word' id='word_1_183' title='bbox 343 2556 376 2610; x_wconf 91' lang='lat' dir='ltr'>ut</span> <span class='ocrx_word' id='word_1_184' title='bbox 390 2550 490 2624; x_wconf 88' lang='lat' dir='ltr'>pudor</span> <span class='ocrx_word' id='word_1_185' title='bbox 504 2558 551 2612; x_wconf 85' lang='lat' dir='ltr'>est</span> <span class='ocrx_word' id='word_1_186' title='bbox 566 2551 715 2626; x_wconf 90' lang='lat' dir='ltr'>quaedam</span> <span class='ocrx_word' id='word_1_187' title='bbox 733 2550 876 2626; x_wconf 86' lang='lat' dir='ltr'>coepisse</span> <span class='ocrx_word' id='word_1_188' title='bbox 891 2547 1036 2626; x_wconf 77' lang='lat' dir='ltr'>priorem.</span> 
     </span>
     <span class='ocr_line' id='line_1_29' title="bbox 252 2633 835 2710; baseline 0 -18"><span class='ocrx_word' id='word_1_189' title='bbox 252 2633 303 2693; x_wconf 88' lang='lat' dir='ltr'>Sie</span> <span class='ocrx_word' id='word_1_190' title='bbox 318 2634 377 2693; x_wconf 91' lang='lat' dir='ltr'>alio</span> <span class='ocrx_word' id='word_1_191' title='bbox 392 2641 510 2709; x_wconf 84' lang='lat' dir='ltr'>gratum</span> <span class='ocrx_word' id='word_1_192' title='bbox 525 2640 572 2695; x_wconf 90' lang='lat' dir='ltr'>est</span> <span class='ocrx_word' id='word_1_193' title='bbox 585 2635 749 2710; x_wconf 88' lang='lat' dir='ltr'>incipiente</span> <span class='ocrx_word' id='word_1_194' title='bbox 763 2634 835 2708; x_wconf 93' lang='lat' dir='ltr'>pati.</span> 
     </span>
     <span class='ocr_line' id='line_1_30' title="bbox 203 2716 975 2792; baseline -0.003 -14"><span class='ocrx_word' id='word_1_195' title='bbox 203 2718 250 2778; x_wconf 82' lang='lat' dir='ltr'>A!</span> <span class='ocrx_word' id='word_1_196' title='bbox 275 2716 366 2776; x_wconf 92' lang='lat' dir='ltr'>nimia</span> <span class='ocrx_word' id='word_1_197' title='bbox 381 2724 430 2776; x_wconf 91' lang='lat' dir='ltr'>est</span> <span class='ocrx_word' id='word_1_198' title='bbox 443 2718 544 2778; x_wconf 90' lang='lat' dir='ltr'>iuveni</span> <span class='ocrx_word' id='word_1_199' title='bbox 562 2719 704 2792; x_wconf 84' lang='lat' dir='ltr'>propriae</span> <span class='ocrx_word' id='word_1_200' title='bbox 722 2717 836 2776; x_wconf 82' lang='lat' dir='ltr'>fiducia</span> <span class='ocrx_word' id='word_1_201' title='bbox 850 2718 975 2788; x_wconf 86' lang='lat' dir='ltr'>formae,</span> 
     </span>
     <span class='ocr_line' id='line_1_31' title="bbox 250 2800 893 2876; baseline -0.005 -16"><span class='ocrx_word' id='word_1_202' title='bbox 250 2801 399 2876; x_wconf 84' lang='lat' dir='ltr'>Expectat</span> <span class='ocrx_word' id='word_1_203' title='bbox 414 2800 527 2876; x_wconf 89' lang='lat' dir='ltr'>siquis,</span> <span class='ocrx_word' id='word_1_204' title='bbox 549 2802 621 2861; x_wconf 90' lang='lat' dir='ltr'>dum</span> <span class='ocrx_word' id='word_1_205' title='bbox 635 2802 719 2876; x_wconf 89' lang='lat' dir='ltr'>prior</span> <span class='ocrx_word' id='word_1_206' title='bbox 733 2800 784 2859; x_wconf 90' lang='lat' dir='ltr'>illa</span> <span class='ocrx_word' id='word_1_207' title='bbox 798 2809 893 2875; x_wconf 82' lang='lat' dir='ltr'>roget.</span> 
     </span>
     <span class='ocr_line' id='line_1_32' title="bbox 207 2881 980 2959; baseline -0.01 -16"><span class='ocrx_word' id='word_1_208' title='bbox 207 2885 264 2943; x_wconf 90' lang='lat' dir='ltr'>Vir</span> <span class='ocrx_word' id='word_1_209' title='bbox 279 2884 362 2958; x_wconf 92' lang='lat' dir='ltr'>prior</span> <span class='ocrx_word' id='word_1_210' title='bbox 377 2885 518 2957; x_wconf 87' lang='lat' dir='ltr'>accedat,</span> <span class='ocrx_word' id='word_1_211' title='bbox 544 2885 589 2944; x_wconf 90' lang='lat' dir='ltr'>vir</span> <span class='ocrx_word' id='word_1_212' title='bbox 602 2883 697 2943; x_wconf 89' lang='lat' dir='ltr'>verba</span> <span class='ocrx_word' id='word_1_213' title='bbox 714 2883 870 2959; x_wconf 88' lang='lat' dir='ltr'>precantia</span> <span class='ocrx_word' id='word_1_214' title='bbox 884 2881 980 2942; x_wconf 77' lang='lat' dir='ltr'>dieat:</span> 
     </span>
     <span class='ocr_line' id='line_1_33' title="bbox 137 2965 868 3044; baseline -0.01 -13"><span class='ocrx_word' id='word_1_215' title='bbox 137 2975 195 3031; x_wconf 75' lang='lat'>710</span> <span class='ocrx_word' id='word_1_216' title='bbox 247 2966 387 3041; x_wconf 81' lang='lat' dir='ltr'>Excipiet</span> <span class='ocrx_word' id='word_1_217' title='bbox 401 2965 530 3028; x_wconf 88' lang='lat' dir='ltr'>blandas</span> <span class='ocrx_word' id='word_1_218' title='bbox 546 2967 671 3044; x_wconf 86' lang='lat' dir='ltr'>comiter</span> <span class='ocrx_word' id='word_1_219' title='bbox 684 2967 736 3025; x_wconf 88' lang='lat' dir='ltr'>illa</span> <span class='ocrx_word' id='word_1_220' title='bbox 749 2981 868 3042; x_wconf 88' lang='lat' dir='ltr'>preces.</span> 
     </span>
     <span class='ocr_line' id='line_1_34' title="bbox 207 3049 925 3126; baseline -0.007 -16"><span class='ocrx_word' id='word_1_221' title='bbox 207 3050 248 3110; x_wconf 91' lang='lat' dir='ltr'>Ut</span> <span class='ocrx_word' id='word_1_222' title='bbox 261 3049 395 3124; x_wconf 86' lang='lat' dir='ltr'>potiare,</span> <span class='ocrx_word' id='word_1_223' title='bbox 415 3065 500 3126; x_wconf 80' lang='lat' dir='ltr'>roga.</span> <span class='ocrx_word' id='word_1_224' title='bbox 522 3057 637 3112; x_wconf 89' lang='lat' dir='ltr'>tantum</span> <span class='ocrx_word' id='word_1_225' title='bbox 653 3050 735 3125; x_wconf 87' lang='lat' dir='ltr'>cupit</span> <span class='ocrx_word' id='word_1_226' title='bbox 751 3049 801 3108; x_wconf 92' lang='lat' dir='ltr'>illa</span> <span class='ocrx_word' id='word_1_227' title='bbox 815 3050 925 3124; x_wconf 80' lang='lat' dir='ltr'>rogari.</span> 
     </span>
     <span class='ocr_line' id='line_1_35' title="bbox 250 3133 841 3209; baseline -0.003 -17"><span class='ocrx_word' id='word_1_228' title='bbox 250 3133 296 3192; x_wconf 89' lang='lat' dir='ltr'>Da</span> <span class='ocrx_word' id='word_1_229' title='bbox 312 3147 436 3192; x_wconf 87' lang='lat' dir='ltr'>eausam</span> <span class='ocrx_word' id='word_1_230' title='bbox 451 3133 516 3192; x_wconf 84' lang='lat' dir='ltr'>voti</span> <span class='ocrx_word' id='word_1_231' title='bbox 530 3133 773 3209; x_wconf 88' lang='lat' dir='ltr'>principiumque</span> <span class='ocrx_word' id='word_1_232' title='bbox 790 3134 841 3193; x_wconf 90' lang='lat' dir='ltr'>tui.</span> 
     </span>
     <span class='ocr_line' id='line_1_36' title="bbox 208 3215 931 3292; baseline -0.008 -17"><span class='ocrx_word' id='word_1_233' title='bbox 208 3217 343 3291; x_wconf 89' lang='lat' dir='ltr'>luppiter</span> <span class='ocrx_word' id='word_1_234' title='bbox 358 3216 398 3275; x_wconf 89' lang='lat' dir='ltr'>ad</span> <span class='ocrx_word' id='word_1_235' title='bbox 412 3224 531 3277; x_wconf 85' lang='lat' dir='ltr'>veteres</span> <span class='ocrx_word' id='word_1_236' title='bbox 546 3219 679 3292; x_wconf 84' lang='lat' dir='ltr'>supplex</span> <span class='ocrx_word' id='word_1_237' title='bbox 693 3216 840 3280; x_wconf 80' lang='lat' dir='ltr'>heroidas·</span> <span class='ocrx_word' id='word_1_238' title='bbox 854 3215 931 3274; x_wconf 81' lang='lat' dir='ltr'>ibat:</span> 
     </span>
     <span class='ocr_line' id='line_1_37' title="bbox 252 3298 897 3375; baseline 0 -17"><span class='ocrx_word' id='word_1_239' title='bbox 252 3298 392 3374; x_wconf 87' lang='lat' dir='ltr'>Corrupit</span> <span class='ocrx_word' id='word_1_240' title='bbox 407 3315 549 3375; x_wconf 84' lang='lat' dir='ltr'>magnum</span> <span class='ocrx_word' id='word_1_241' title='bbox 566 3301 648 3359; x_wconf 90' lang='lat' dir='ltr'>nulla</span> <span class='ocrx_word' id='word_1_242' title='bbox 665 3300 768 3374; x_wconf 89' lang='lat' dir='ltr'>puella</span> <span class='ocrx_word' id='word_1_243' title='bbox 782 3299 897 3358; x_wconf 88' lang='lat' dir='ltr'>lovem.</span> 
     </span>
     <span class='ocr_line' id='line_1_38' title="bbox 144 3380 975 3458; baseline -0.006 -16"><span class='ocrx_word' id='word_1_244' title='bbox 144 3387 196 3442; x_wconf 79' lang='lat'>715</span> <span class='ocrx_word' id='word_1_245' title='bbox 211 3380 242 3440; x_wconf 90' lang='lat' dir='ltr'>Si</span> <span class='ocrx_word' id='word_1_246' title='bbox 257 3389 359 3442; x_wconf 88' lang='lat' dir='ltr'>tamen</span> <span class='ocrx_word' id='word_1_247' title='bbox 373 3399 391 3441; x_wconf 93' lang='lat' dir='ltr'>a</span> <span class='ocrx_word' id='word_1_248' title='bbox 406 3381 548 3458; x_wconf 88' lang='lat' dir='ltr'>precibus</span> <span class='ocrx_word' id='word_1_249' title='bbox 564 3382 863 3442; x_wconf 87' lang='lat' dir='ltr'>tumidosaeeedere</span> <span class='ocrx_word' id='word_1_250' title='bbox 878 3381 975 3438; x_wconf 82' lang='lat' dir='ltr'>fastus</span> 
     </span>
     <span class='ocr_line' id='line_1_39' title="bbox 166 3462 953 3551; baseline -0.004 -29"><span class='ocrx_word' id='word_1_251' title='bbox 166 3539 169 3542; x_wconf 18' lang='grc' dir='ltr'>Ι</span> <span class='ocrx_word' id='word_1_252' title='bbox 253 3462 410 3535; x_wconf 83' lang='lat' dir='ltr'>Senseris,</span> <span class='ocrx_word' id='word_1_253' title='bbox 431 3465 553 3542; x_wconf 88' lang='lat' dir='ltr'>incepto</span> <span class='ocrx_word' id='word_1_254' title='bbox 569 3481 661 3551; x_wconf 88' lang='lat' dir='ltr'>parce</span> <span class='ocrx_word' id='word_1_255' title='bbox 675 3464 818 3542; x_wconf 84' lang='lat' dir='ltr'>referque</span> <span class='ocrx_word' id='word_1_256' title='bbox 833 3463 953 3540; x_wconf 90' lang='lat' dir='ltr'>pedem.</span> 
     </span>
    </p>
   </div>
   <div class='ocr_carea' id='block_1_3' title="bbox 0 0 1254 4008">
    <p class='ocr_par' dir='ltr' id='par_1_3' title="bbox 0 0 1254 4008">
     <span class='ocr_line' id='line_1_40' title="bbox 0 0 1254 4008; baseline 0 0"><span class='ocrx_word' id='word_1_257' title='bbox 0 0 1254 4008; x_wconf 95' lang='lat' dir='ltr'> </span> 
     </span>
    </p>
   </div>
  </div>
 </body>
</html>
