2488 4006
234 233 257 292 1.
279 231 412 291 annun.
434 226 526 291 ro-
541 227 612 292 no.
645 232 680 290 11.
704 229 865 291 narnus
890 204 1023 294 1426.
1102 231 1142 298 71

250 385 336 444 Nune
352 391 417 442 erat
432 382 551 441 auxiliis
566 382 617 440 illa
634 382 748 444 tuenda
763 383 868 456 patris.

208 469 271 528 Neo
287 467 360 526 mihi
376 471 447 532 sunt
462 467 543 525 vires
559 466 698 526 inimicos
713 467 829 541 pellere
842 467 940 527 leolis.

145 563 197 616 llo
248 553 293 611 Tu
309 551 396 611 eitius
411 549 534 621 veniaS,
556 556 662 624 portus
677 557 707 610 et
723 566 797 610 aura
811 549 882 610 tuis.

208 637 265 696 Est
278 633 346 706 tibi,
370 635 484 709 sitque,
507 647 629 708 precor,
652 638 777 708 gnatus,
801 634 852 708 qui
867 634 1008 694 mollibus
1023 634 1110 696 annis

251 720 285 778 ln
300 718 415 793 patrias
431 723 511 776 artes
527 715 713 776 erudiendus
731 723 804 778 erat.

209 802 343 877 Respice
357 802 498 860 Laerten.
519 808 552 860 ut
567 799 626 858 iarn
641 816 698 860 sua
713 801 826 860 lumina
844 801 989 876 condas·

250 886 426 946 Extremum
441 884 495 943 lati
510 884 639 944 sustinet
654 883 705 942 ille
722 883 812 944 diem.
980 961 983 966 Ι

144 981 195 1032 115
208 971 294 1031 Certe
309 983 382 1042 ego,
405 982 485 1041 quae
500 967 617 1026 fueram
631 975 660 1027 te
675 967 855 1028 discedente
867 971 977 1044 puella,

249 1051 389 1112 Protinus
405 1058 437 1110 ut
451 1051 557 1108 venies
566 1093 584 1120 ‚,
598 1050 678 1110 laeta
692 1050 823 1110 videbor
835 1067 924 1112 anus.

531 1181 731 1196 “““”““““·“““·
828 1179 838 1212 N

614 1265 766 1325 um

208 1349 356 1459 Hospita,
378 1381 596 1457 Demophoon,
618 1388 714 1444 tuate
728 1383 911 1458 Rhodopeia
924 1381 1041 1460 Phyllis

249 1469 335 1529 Ultra
349 1465 535 1541 promissum
549 1473 669 1541 tempus
687 1467 798 1528 abesse
812 1482 932 1542 queror.

209 1553 331 1613 Cornua
346 1566 415 1622 eum
430 1551 521 1609 lunae
537 1551 629 1624 pleno
644 1551 740 1610 semel
754 1551 827 1610 orbe
843 1551 987 1625 coissent,

249 1633 414 1694 Litteribus
429 1633 542 1692 nostris
558 1633 693 1693 anchora
706 1641 797 1709 paeto
811 1641 932 1694 tuaest.
981 1673 984 1678 -

179 1717 293 1780 5Luna
308 1721 417 1790 quater
428 1716 529 1790 latuit,
550 1723 614 1776 toto
631 1724 739 1790 quater
753 1716 828 1778 orbe
843 1717 981 1792 recrevit,

249 1801 311 1860 Neo
326 1799 410 1860 vehit
422 1798 555 1859 Actaeas
571 1798 707 1860 Sithonis
721 1801 806 1860 unda
818 1809 911 1860 rates.

166 1897 186 1921 -·
207 1883 357 1958 Tempora
372 1883 398 1942 si
413 1896 568 1955 numeres,
591 1898 671 1957 quae
687 1899 745 1942 nos
760 1898 955 1944 numeramus
972 1891 1117 1959 amantes,

249 1967 316 2026 Non
330 1967 413 2026 venit
427 1973 497 2026 ante
513 1982 601 2026 suam
616 1972 722 2027 nostra
738 1966 863 2040 querela
878 1967 967 2026 diem.

209 2050 288 2124 Spes
306 2064 430 2125 quoque
443 2051 525 2110 lenta
539 2051 603 2110 luit.
639 2051 751 2122 Tarde,
776 2066 855 2124 quae
871 2050 986 2110 eredita
1006 2051 1138 2125 laedunt,

167 2143 201 2196 10
253 2135 419 2194 Credimus.
455 2134 551 2194 invito
568 2149 650 2193 nuno
666 2148 700 2192 es
717 2149 819 2194 amore
834 2149 961 2194 nocens.

209 2217 310 2292 Saepe
326 2215 368 2276 lui
382 2217 515 2276 mendax
532 2233 588 2291 pro
603 2226 633 2276 te
647 2216 729 2276 mihi.
753 2232 847 2292 saepe
862 2217 965 2278 notavi

249 2301 329 2361 Alba
346 2301 539 2374 procellosos
554 2301 624 2360 vela
638 2299 753 2360 referre
768 2308 869 2360 notos.

207 2383 325 2443 Thesea
343 2383 471 2456 devovi,
496 2383 568 2458 quia
583 2391 612 2443 te
627 2383 776 2443 dimittere
790 2385 897 2444 nollet:

248 2468 310 2526 Neo
325 2467 420 2527 tenuit
433 2482 541 2526 cursus
560 2466 688 2527 forsitan
702 2467 753 2526 ille
767 2475 847 2527 tuos.

164 2560 198 2612 15
210 2550 362 2610 interdum
376 2550 475 2623 timui,
498 2565 551 2624 ne,
575 2549 647 2609 dum
662 2551 744 2608 vada
759 2549 860 2609 tendis
876 2551 916 2610 ad
931 2549 1033 2624 Hebri,

249 2633 353 2692 Mersa
366 2634 444 2692 loret
458 2649 536 2692 eane
551 2633 698 2708 naufraga
712 2633 828 2707 puppis
839 2643 931 2708 aqua.

208 2715 309 2790 Saepe
325 2717 402 2776 deos
418 2718 567 2790 supplex,
588 2723 623 2776 ut
637 2722 683 2790 tu,
706 2717 868 2789 scelerate,
891 2716 1021 2792 valeres,

249 2799 323 2859 Cum
341 2813 432 2873 prece
447 2799 614 2860 turicremis
631 2800 816 2860 devenerata
832 2798 919 2871 loeis,

206 2881 324 2957 Saepe,
346 2882 458 2942 videns
472 2891 583 2946 ventos
598 2884 684 2943 eaelo
699 2883 873 2958 pelagoque
888 2882 1036 2958 faventes,

161 2973 198 3026 20
251 2965 323 3040 ipsa
335 2964 409 3024 mihi
424 2965 486 3025 dixi
504 2967 544 3026 ‘si
559 2966 639 3025 valet
654 2966 720 3038 ille,
741 2965 847 3026 venit’

205 3049 344 3124 Denique
359 3049 441 3109 lidus
456 3066 542 3111 amor
557 3049 708 3124 quidquid
723 3048 959 3125 properantibus
975 3049 1084 3125 obstat,

246 3131 363 3205 Finxit,
386 3140 416 3192 et
431 3134 470 3193 ad
488 3149 600 3194 oausas
614 3134 776 3208 ingeniosa
791 3134 843 3193 lui.

204 3218 245 3275 At
258 3223 291 3275 tu
306 3217 406 3276 lentus
423 3217 508 3276 abes.
530 3233 587 3278 neo
604 3223 634 3276 te
648 3219 745 3277 iurata
759 3218 908 3278 reducunt
1009 3287 1012 3293 Δ

245 3300 389 3373 Numina,
412 3315 469 3360 neo
485 3308 589 3362 nostro
606 3307 706 3362 motus
723 3317 826 3361 amore
840 3301 934 3360 redis.

158 3389 195 3443 25
207 3381 425 3458 Demophoon,
446 3385 546 3444 ventis
562 3393 592 3444 et
607 3385 702 3444 verba
715 3392 745 3444 et
762 3386 830 3443 vela
844 3382 970 3442 dedisti:

245 3467 324 3526 Vela
339 3483 452 3542 queror
466 3469 580 3542 reditu,
602 3467 697 3528 verbe
712 3481 815 3526 carere
831 3466 902 3525 lide.
