<?xml version="1.0" encoding="UTF-8"?>
<!DOCTYPE html PUBLIC "-//W3C//DTD XHTML 1.0 Transitional//EN"
    "http://www.w3.org/TR/xhtml1/DTD/xhtml1-transitional.dtd">
<html xmlns="http://www.w3.org/1999/xhtml" xml:lang="en" lang="en">
 <head>
  <title>
</title>
<meta http-equiv="Content-Type" content="text/html;charset=utf-8" />
  <meta name='ocr-system' content='tesseract 3.04.00' />
  <meta name='ocr-capabilities' content='ocr_page ocr_carea ocr_par ocr_line ocrx_word'/>
</head>
<body>
  <div class='ocr_page' id='page_1' title='image "./povidiusnaso02merkgoog_0159.png"; bbox 0 0 2488 4006; ppageno 0'>
   <div class='ocr_carea' id='block_1_1' title="bbox 153 233 799 338">
    <p class='ocr_par' dir='ltr' id='par_1_1' title="bbox 153 233 799 338">
     <span class='ocr_line' id='line_1_1' title="bbox 153 233 799 338; baseline -0.012 -38"><span class='ocrx_word' id='word_1_1' title='bbox 153 235 214 300; x_wconf 78' lang='lat' dir='ltr'><strong>tel</strong></span> <span class='ocrx_word' id='word_1_2' title='bbox 527 233 799 338; x_wconf 70' lang='lat' dir='ltr'><strong>epistulam.</strong></span> 
     </span>
    </p>
   </div>
   <div class='ocr_carea' id='block_1_2' title="bbox 113 386 1134 3553">
    <p class='ocr_par' dir='ltr' id='par_1_2' title="bbox 113 386 1134 3553">
     <span class='ocr_line' id='line_1_2' title="bbox 277 386 886 462; baseline -0.008 -14"><span class='ocrx_word' id='word_1_3' title='bbox 277 387 454 462; x_wconf 79' lang='lat' dir='ltr'><strong>Legitimam</strong></span> <span class='ocrx_word' id='word_1_4' title='bbox 470 392 583 461; x_wconf 79' lang='lat' dir='ltr'>nuptae</span> <span class='ocrx_word' id='word_1_5' title='bbox 598 386 761 447; x_wconf 86' lang='lat' dir='ltr'><strong>sollicitere</strong></span> <span class='ocrx_word' id='word_1_6' title='bbox 778 387 886 446; x_wconf 88' lang='lat' dir='ltr'><strong>fidemt</strong></span> 
     </span>
     <span class='ocr_line' id='line_1_3' title="bbox 113 471 995 544; baseline -0.007 -8"><span class='ocrx_word' id='word_1_7' title='bbox 113 519 115 524; x_wconf 68' lang='lat'>,</span> <span class='ocrx_word' id='word_1_8' title='bbox 210 472 362 536; x_wconf 61' lang='lat' dir='ltr'><strong>§Scilicet</strong></span> <span class='ocrx_word' id='word_1_9' title='bbox 378 471 493 531; x_wconf 88' lang='lat' dir='ltr'><strong>idcirco</strong></span> <span class='ocrx_word' id='word_1_10' title='bbox 508 476 639 530; x_wconf 85' lang='lat' dir='ltr'><strong>ventose</strong></span> <span class='ocrx_word' id='word_1_11' title='bbox 653 485 709 544; x_wconf 88' lang='lat' dir='ltr'><strong>per</strong></span> <span class='ocrx_word' id='word_1_12' title='bbox 723 486 858 544; x_wconf 83' lang='lat' dir='ltr'><strong>aequora</strong></span> <span class='ocrx_word' id='word_1_13' title='bbox 875 477 995 531; x_wconf 87' lang='lat' dir='ltr'><strong>vectum</strong></span> 
     </span>
     <span class='ocr_line' id='line_1_4' title="bbox 278 553 827 630; baseline -0.002 -16"><span class='ocrx_word' id='word_1_14' title='bbox 278 555 406 630; x_wconf 77' lang='lat' dir='ltr'><strong>Excepit</strong></span> <span class='ocrx_word' id='word_1_15' title='bbox 425 561 513 629; x_wconf 87' lang='lat' dir='ltr'><strong>portu</strong></span> <span class='ocrx_word' id='word_1_16' title='bbox 530 553 673 613; x_wconf 86' lang='lat' dir='ltr'><strong>Taenaris</strong></span> <span class='ocrx_word' id='word_1_17' title='bbox 690 569 745 613; x_wconf 89' lang='lat' dir='ltr'><strong>ore</strong></span> <span class='ocrx_word' id='word_1_18' title='bbox 759 568 827 627; x_wconf 86' lang='lat' dir='ltr'><strong>suo,</strong></span> 
     </span>
     <span class='ocr_line' id='line_1_5' title="bbox 235 637 1019 713; baseline 0 -15"><span class='ocrx_word' id='word_1_19' title='bbox 235 640 298 698; x_wconf 88' lang='lat' dir='ltr'><strong>Nec</strong></span> <span class='ocrx_word' id='word_1_20' title='bbox 315 637 381 712; x_wconf 86' lang='lat' dir='ltr'><strong>tibi,</strong></span> <span class='ocrx_word' id='word_1_21' title='bbox 405 639 528 698; x_wconf 89' lang='lat' dir='ltr'><strong>diversa</strong></span> <span class='ocrx_word' id='word_1_22' title='bbox 543 638 683 711; x_wconf 84' lang='lat' dir='ltr'><strong>quamvis</strong></span> <span class='ocrx_word' id='word_1_23' title='bbox 700 643 823 712; x_wconf 80' lang='lat' dir='ltr'><strong>egente</strong></span> <span class='ocrx_word' id='word_1_24' title='bbox 837 638 970 713; x_wconf 86' lang='lat' dir='ltr'><strong>venires,</strong></span> <span class='ocrx_word' id='word_1_25' title='bbox 1016 679 1019 684; x_wconf 30' lang='grc' dir='ltr'><strong><em>ι</em></strong></span> 
     </span>
     <span class='ocr_line' id='line_1_6' title="bbox 279 721 894 797; baseline -0.003 -15"><span class='ocrx_word' id='word_1_26' title='bbox 279 721 446 797; x_wconf 78' lang='lat' dir='ltr'><strong>Oppositas</strong></span> <span class='ocrx_word' id='word_1_27' title='bbox 461 721 566 781; x_wconf 80' lang='lat' dir='ltr'><strong>habuit</strong></span> <span class='ocrx_word' id='word_1_28' title='bbox 578 723 664 795; x_wconf 80' lang='lat' dir='ltr'><strong>regia</strong></span> <span class='ocrx_word' id='word_1_29' title='bbox 678 727 784 780; x_wconf 84' lang='lat' dir='ltr'><strong>nostre</strong></span> <span class='ocrx_word' id='word_1_30' title='bbox 801 722 894 795; x_wconf 84' lang='lat' dir='ltr'><strong>iores,</strong></span> 
     </span>
     <span class='ocr_line' id='line_1_7' title="bbox 235 804 929 866; baseline -0.004 0"><span class='ocrx_word' id='word_1_31' title='bbox 235 806 327 866; x_wconf 81' lang='lat' dir='ltr'><strong>Esset</strong></span> <span class='ocrx_word' id='word_1_32' title='bbox 343 812 375 866; x_wconf 90' lang='lat' dir='ltr'><strong>ut</strong></span> <span class='ocrx_word' id='word_1_33' title='bbox 389 805 484 866; x_wconf 84' lang='lat' dir='ltr'><strong>cilicii</strong></span> <span class='ocrx_word' id='word_1_34' title='bbox 499 819 617 864; x_wconf 87' lang='lat' dir='ltr'><strong>merces</strong></span> <span class='ocrx_word' id='word_1_35' title='bbox 632 804 743 864; x_wconf 83' lang='lat' dir='ltr'><strong>iniuria</strong></span> <span class='ocrx_word' id='word_1_36' title='bbox 755 805 851 864; x_wconf 79' lang='lat' dir='ltr'><strong>tuntit</strong></span> <span class='ocrx_word' id='word_1_37' title='bbox 927 827 929 832; x_wconf 31' lang='lat' dir='ltr'>v</span> 
     </span>
     <span class='ocr_line' id='line_1_8' title="bbox 194 888 975 962; baseline -0.009 -9"><span class='ocrx_word' id='word_1_38' title='bbox 194 901 228 954; x_wconf 92' lang='lat'><strong>10</strong></span> <span class='ocrx_word' id='word_1_39' title='bbox 281 889 338 962; x_wconf 81' lang='lat' dir='ltr'><strong>Qui</strong></span> <span class='ocrx_word' id='word_1_40' title='bbox 353 889 398 948; x_wconf 93' lang='lat' dir='ltr'><strong>sic</strong></span> <span class='ocrx_word' id='word_1_41' title='bbox 412 889 563 960; x_wconf 76' lang='lat' dir='ltr'><strong>intrabuS,</strong></span> <span class='ocrx_word' id='word_1_42' title='bbox 586 889 702 962; x_wconf 84' lang='lat' dir='ltr'><strong>hospes</strong></span> <span class='ocrx_word' id='word_1_43' title='bbox 718 904 757 947; x_wconf 89' lang='lat' dir='ltr'><strong>en</strong></span> <span class='ocrx_word' id='word_1_44' title='bbox 771 888 869 948; x_wconf 86' lang='lat' dir='ltr'><strong>hostis</strong></span> <span class='ocrx_word' id='word_1_45' title='bbox 884 895 975 948; x_wconf 78' lang='lat' dir='ltr'><strong>erest</strong></span> 
     </span>
     <span class='ocr_line' id='line_1_9' title="bbox 215 967 1117 1046; baseline 0.002 -14"><span class='ocrx_word' id='word_1_46' title='bbox 215 973 297 1044; x_wconf 75' lang='lat' dir='ltr'><strong>¹Nee</strong></span> <span class='ocrx_word' id='word_1_47' title='bbox 312 973 433 1046; x_wconf 87' lang='lat' dir='ltr'><strong>dubito,</strong></span> <span class='ocrx_word' id='word_1_48' title='bbox 454 971 527 1045; x_wconf 87' lang='lat' dir='ltr'><strong>quin</strong></span> <span class='ocrx_word' id='word_1_49' title='bbox 542 972 630 1045; x_wconf 89' lang='lat' dir='ltr'><strong>haec,</strong></span> <span class='ocrx_word' id='word_1_50' title='bbox 653 967 722 1030; x_wconf 83' lang='lat' dir='ltr'><strong>eum</strong></span> <span class='ocrx_word' id='word_1_51' title='bbox 737 973 775 1032; x_wconf 89' lang='lat' dir='ltr'><strong>sit</strong></span> <span class='ocrx_word' id='word_1_52' title='bbox 791 979 853 1031; x_wconf 86' lang='lat' dir='ltr'><strong>tam</strong></span> <span class='ocrx_word' id='word_1_53' title='bbox 868 970 963 1046; x_wconf 85' lang='lat' dir='ltr'><strong>iusta,</strong></span> <span class='ocrx_word' id='word_1_54' title='bbox 985 977 1117 1034; x_wconf 86' lang='lat' dir='ltr'><strong>vocetur</strong></span> 
     </span>
     <span class='ocr_line' id='line_1_10' title="bbox 277 1055 1069 1134; baseline 0 -18"><span class='ocrx_word' id='word_1_55' title='bbox 277 1056 403 1116; x_wconf 87' lang='lat' dir='ltr'><strong>Rustica</strong></span> <span class='ocrx_word' id='word_1_56' title='bbox 419 1055 532 1115; x_wconf 91' lang='lat' dir='ltr'><strong>iudicio</strong></span> <span class='ocrx_word' id='word_1_57' title='bbox 548 1061 654 1116; x_wconf 88' lang='lat' dir='ltr'><strong>nostra</strong></span> <span class='ocrx_word' id='word_1_58' title='bbox 669 1059 805 1134; x_wconf 76' lang='lat' dir='ltr'><strong>querelis</strong></span> <span class='ocrx_word' id='word_1_59' title='bbox 820 1062 884 1116; x_wconf 89' lang='lat' dir='ltr'><strong>tuo.</strong></span> <span class='ocrx_word' id='word_1_60' title='bbox 1066 1060 1069 1064; x_wconf 83' lang='grc'><strong>’</strong></span> 
     </span>
     <span class='ocr_line' id='line_1_11' title="bbox 235 1138 1065 1215; baseline -0.005 -17"><span class='ocrx_word' id='word_1_61' title='bbox 235 1141 359 1199; x_wconf 85' lang='lat' dir='ltr'><strong>Rustica</strong></span> <span class='ocrx_word' id='word_1_62' title='bbox 374 1140 431 1199; x_wconf 91' lang='lat' dir='ltr'><strong>sim</strong></span> <span class='ocrx_word' id='word_1_63' title='bbox 447 1155 536 1211; x_wconf 85' lang='lat' dir='ltr'><strong>sane,</strong></span> <span class='ocrx_word' id='word_1_64' title='bbox 558 1140 630 1199; x_wconf 90' lang='lat' dir='ltr'><strong>dum</strong></span> <span class='ocrx_word' id='word_1_65' title='bbox 645 1155 706 1198; x_wconf 89' lang='lat' dir='ltr'><strong>non</strong></span> <span class='ocrx_word' id='word_1_66' title='bbox 723 1138 816 1199; x_wconf 91' lang='lat' dir='ltr'><strong>oblita</strong></span> <span class='ocrx_word' id='word_1_67' title='bbox 829 1139 967 1215; x_wconf 88' lang='lat' dir='ltr'><strong>pudoris,</strong></span> <span class='ocrx_word' id='word_1_68' title='bbox 1053 1177 1065 1194; x_wconf 82' lang='grc'><strong>.</strong></span> 
     </span>
     <span class='ocr_line' id='line_1_12' title="bbox 277 1222 949 1298; baseline -0.004 -15"><span class='ocrx_word' id='word_1_69' title='bbox 277 1225 419 1298; x_wconf 87' lang='lat' dir='ltr'><strong>Dumque</strong></span> <span class='ocrx_word' id='word_1_70' title='bbox 434 1232 523 1284; x_wconf 87' lang='lat' dir='ltr'><strong>tenor</strong></span> <span class='ocrx_word' id='word_1_71' title='bbox 536 1222 617 1282; x_wconf 88' lang='lat' dir='ltr'><strong>vitoe</strong></span> <span class='ocrx_word' id='word_1_72' title='bbox 633 1222 672 1282; x_wconf 92' lang='lat' dir='ltr'><strong>sit</strong></span> <span class='ocrx_word' id='word_1_73' title='bbox 687 1224 755 1283; x_wconf 89' lang='lat' dir='ltr'><strong>sine</strong></span> <span class='ocrx_word' id='word_1_74' title='bbox 769 1223 840 1282; x_wconf 86' lang='lat' dir='ltr'><strong>lube</strong></span> <span class='ocrx_word' id='word_1_75' title='bbox 853 1239 949 1284; x_wconf 88' lang='lat' dir='ltr'><strong>meae.</strong></span> 
     </span>
     <span class='ocr_line' id='line_1_13' title="bbox 196 1306 937 1381; baseline -0.005 -11"><span class='ocrx_word' id='word_1_76' title='bbox 196 1320 226 1370; x_wconf 81' lang='lat'><strong>15</strong></span> <span class='ocrx_word' id='word_1_77' title='bbox 239 1306 270 1366; x_wconf 88' lang='lat' dir='ltr'><strong>Si</strong></span> <span class='ocrx_word' id='word_1_78' title='bbox 288 1315 348 1367; x_wconf 88' lang='lat' dir='ltr'><strong>non</strong></span> <span class='ocrx_word' id='word_1_79' title='bbox 364 1314 413 1368; x_wconf 86' lang='lat' dir='ltr'><strong>est</strong></span> <span class='ocrx_word' id='word_1_80' title='bbox 427 1307 497 1366; x_wconf 85' lang='lat' dir='ltr'><strong>licto</strong></span> <span class='ocrx_word' id='word_1_81' title='bbox 514 1308 608 1366; x_wconf 86' lang='lat' dir='ltr'><strong>tristis</strong></span> <span class='ocrx_word' id='word_1_82' title='bbox 625 1307 696 1364; x_wconf 90' lang='lat' dir='ltr'><strong>mibi</strong></span> <span class='ocrx_word' id='word_1_83' title='bbox 712 1310 814 1366; x_wconf 52' lang='lat' dir='ltr'><strong>‘vultum</strong></span> <span class='ocrx_word' id='word_1_84' title='bbox 829 1308 859 1364; x_wconf 86' lang='lat' dir='ltr'><strong>in</strong></span> <span class='ocrx_word' id='word_1_85' title='bbox 875 1323 937 1381; x_wconf 85' lang='lat' dir='ltr'><strong>ore,</strong></span> 
     </span>
     <span class='ocr_line' id='line_1_14' title="bbox 224 1389 852 1465; baseline 0.002 -16"><span class='ocrx_word' id='word_1_86' title='bbox 224 1427 229 1435; x_wconf 87' lang='lat'><strong>·</strong></span> <span class='ocrx_word' id='word_1_87' title='bbox 277 1391 339 1451; x_wconf 91' lang='lat' dir='ltr'><strong>Nec</strong></span> <span class='ocrx_word' id='word_1_88' title='bbox 354 1391 450 1450; x_wconf 90' lang='lat' dir='ltr'><strong>sedeo</strong></span> <span class='ocrx_word' id='word_1_89' title='bbox 467 1390 551 1449; x_wconf 89' lang='lat' dir='ltr'><strong>duris</strong></span> <span class='ocrx_word' id='word_1_90' title='bbox 566 1397 654 1450; x_wconf 90' lang='lat' dir='ltr'><strong>torva</strong></span> <span class='ocrx_word' id='word_1_91' title='bbox 669 1389 852 1465; x_wconf 76' lang='lat' dir='ltr'><strong>superciliis,</strong></span> 
     </span>
     <span class='ocr_line' id='line_1_15' title="bbox 196 1474 1098 1549; baseline 0.002 -16"><span class='ocrx_word' id='word_1_92' title='bbox 196 1487 201 1500; x_wconf 93' lang='grc'><strong><em>’</em></strong></span> <span class='ocrx_word' id='word_1_93' title='bbox 235 1474 326 1534; x_wconf 85' lang='lat' dir='ltr'><strong>Fama</strong></span> <span class='ocrx_word' id='word_1_94' title='bbox 343 1483 441 1534; x_wconf 86' lang='lat' dir='ltr'><strong>tamen</strong></span> <span class='ocrx_word' id='word_1_95' title='bbox 457 1476 541 1534; x_wconf 87' lang='lat' dir='ltr'><strong>clara</strong></span> <span class='ocrx_word' id='word_1_96' title='bbox 555 1481 617 1546; x_wconf 90' lang='lat' dir='ltr'><strong>est,</strong></span> <span class='ocrx_word' id='word_1_97' title='bbox 641 1480 672 1532; x_wconf 89' lang='lat' dir='ltr'><strong>et</strong></span> <span class='ocrx_word' id='word_1_98' title='bbox 685 1474 787 1534; x_wconf 84' lang='lat' dir='ltr'><strong>adhuc</strong></span> <span class='ocrx_word' id='word_1_99' title='bbox 803 1474 870 1534; x_wconf 89' lang='lat' dir='ltr'><strong>sine</strong></span> <span class='ocrx_word' id='word_1_100' title='bbox 886 1475 1010 1536; x_wconf 85' lang='lat' dir='ltr'><strong>crimine</strong></span> <span class='ocrx_word' id='word_1_101' title='bbox 1024 1476 1098 1549; x_wconf 85' lang='lat' dir='ltr'><strong>vixi,</strong></span> 
     </span>
     <span class='ocr_line' id='line_1_16' title="bbox 278 1557 934 1618; baseline 0.003 -2"><span class='ocrx_word' id='word_1_102' title='bbox 278 1559 313 1617; x_wconf 80' lang='lat' dir='ltr'><strong>Et</strong></span> <span class='ocrx_word' id='word_1_103' title='bbox 327 1558 449 1618; x_wconf 88' lang='lat' dir='ltr'><strong>laudem</strong></span> <span class='ocrx_word' id='word_1_104' title='bbox 466 1557 505 1616; x_wconf 92' lang='lat' dir='ltr'><strong>de</strong></span> <span class='ocrx_word' id='word_1_105' title='bbox 520 1573 568 1615; x_wconf 89' lang='lat' dir='ltr'><strong>me</strong></span> <span class='ocrx_word' id='word_1_106' title='bbox 584 1559 684 1617; x_wconf 89' lang='lat' dir='ltr'><strong>nullus</strong></span> <span class='ocrx_word' id='word_1_107' title='bbox 700 1558 818 1617; x_wconf 82' lang='lat' dir='ltr'><strong>adulter</strong></span> <span class='ocrx_word' id='word_1_108' title='bbox 830 1557 934 1618; x_wconf 80' lang='lat' dir='ltr'><strong>habet</strong></span> 
     </span>
     <span class='ocr_line' id='line_1_17' title="bbox 235 1640 1056 1716; baseline 0.001 -15"><span class='ocrx_word' id='word_1_109' title='bbox 235 1642 301 1715; x_wconf 80' lang='lat' dir='ltr'><strong>Quo</strong></span> <span class='ocrx_word' id='word_1_110' title='bbox 316 1641 413 1716; x_wconf 85' lang='lat' dir='ltr'><strong>magis</strong></span> <span class='ocrx_word' id='word_1_111' title='bbox 431 1640 579 1714; x_wconf 87' lang='lat' dir='ltr'><strong>admiror,</strong></span> <span class='ocrx_word' id='word_1_112' title='bbox 601 1655 680 1715; x_wconf 86' lang='lat' dir='ltr'><strong>quae</strong></span> <span class='ocrx_word' id='word_1_113' title='bbox 694 1642 733 1700; x_wconf 87' lang='lat' dir='ltr'><strong>sit</strong></span> <span class='ocrx_word' id='word_1_114' title='bbox 747 1641 860 1700; x_wconf 88' lang='lat' dir='ltr'><strong>fiducia</strong></span> <span class='ocrx_word' id='word_1_115' title='bbox 874 1643 985 1716; x_wconf 87' lang='lat' dir='ltr'><strong>coepti,</strong></span> <span class='ocrx_word' id='word_1_116' title='bbox 1054 1678 1056 1683; x_wconf 90' lang='lat'><em>-</em></span> 
     </span>
     <span class='ocr_line' id='line_1_18' title="bbox 192 1723 1001 1800; baseline -0.004 -14"><span class='ocrx_word' id='word_1_117' title='bbox 192 1733 227 1786; x_wconf 74' lang='lat'><strong>²0</strong></span> <span class='ocrx_word' id='word_1_118' title='bbox 280 1724 436 1800; x_wconf 85' lang='lat' dir='ltr'><strong>Spemque</strong></span> <span class='ocrx_word' id='word_1_119' title='bbox 450 1724 507 1784; x_wconf 91' lang='lat' dir='ltr'><strong>tori</strong></span> <span class='ocrx_word' id='word_1_120' title='bbox 523 1723 641 1783; x_wconf 86' lang='lat' dir='ltr'><strong>dederit</strong></span> <span class='ocrx_word' id='word_1_121' title='bbox 655 1741 735 1799; x_wconf 86' lang='lat' dir='ltr'><strong>quoe</strong></span> <span class='ocrx_word' id='word_1_122' title='bbox 750 1724 803 1783; x_wconf 89' lang='lat' dir='ltr'><strong>tibi</strong></span> <span class='ocrx_word' id='word_1_123' title='bbox 819 1740 913 1784; x_wconf 87' lang='lat' dir='ltr'><strong>causa</strong></span> <span class='ocrx_word' id='word_1_124' title='bbox 931 1727 1001 1786; x_wconf 91' lang='lat' dir='ltr'><strong>mei.</strong></span> 
     </span>
     <span class='ocr_line' id='line_1_19' title="bbox 233 1807 984 1883; baseline -0.001 -14"><span class='ocrx_word' id='word_1_125' title='bbox 233 1811 295 1881; x_wconf 87' lang='lat' dir='ltr'><strong>An,</strong></span> <span class='ocrx_word' id='word_1_126' title='bbox 320 1809 391 1882; x_wconf 89' lang='lat' dir='ltr'><strong>quia</strong></span> <span class='ocrx_word' id='word_1_127' title='bbox 405 1809 466 1866; x_wconf 92' lang='lat' dir='ltr'><strong>vim</strong></span> <span class='ocrx_word' id='word_1_128' title='bbox 482 1807 571 1867; x_wconf 90' lang='lat' dir='ltr'><strong>nobis</strong></span> <span class='ocrx_word' id='word_1_129' title='bbox 586 1808 755 1882; x_wconf 89' lang='lat' dir='ltr'><strong>Neptunius</strong></span> <span class='ocrx_word' id='word_1_130' title='bbox 770 1809 868 1868; x_wconf 86' lang='lat' dir='ltr'><strong>attulit</strong></span> <span class='ocrx_word' id='word_1_131' title='bbox 882 1809 984 1883; x_wconf 90' lang='lat' dir='ltr'><strong>heros,</strong></span> 
     </span>
     <span class='ocr_line' id='line_1_20' title="bbox 276 1890 1024 1968; baseline -0.001 -17"><span class='ocrx_word' id='word_1_132' title='bbox 276 1893 375 1966; x_wconf 86' lang='lat' dir='ltr'><strong>Rapta</strong></span> <span class='ocrx_word' id='word_1_133' title='bbox 391 1893 487 1952; x_wconf 88' lang='lat' dir='ltr'><strong>semel</strong></span> <span class='ocrx_word' id='word_1_134' title='bbox 502 1891 611 1952; x_wconf 88' lang='lat' dir='ltr'><strong>videor</strong></span> <span class='ocrx_word' id='word_1_135' title='bbox 625 1890 674 1950; x_wconf 90' lang='lat' dir='ltr'><strong>bis</strong></span> <span class='ocrx_word' id='word_1_136' title='bbox 689 1907 814 1966; x_wconf 89' lang='lat' dir='ltr'><strong>quoque</strong></span> <span class='ocrx_word' id='word_1_137' title='bbox 829 1892 921 1967; x_wconf 80' lang='lat' dir='ltr'><strong>digne</strong></span> <span class='ocrx_word' id='word_1_138' title='bbox 936 1893 1024 1968; x_wconf 82' lang='lat' dir='ltr'><strong>rapit</strong></span> 
     </span>
     <span class='ocr_line' id='line_1_21' title="bbox 235 1975 946 2043; baseline -0.006 -9"><span class='ocrx_word' id='word_1_139' title='bbox 235 1975 353 2035; x_wconf 86' lang='lat' dir='ltr'><strong>Crimen</strong></span> <span class='ocrx_word' id='word_1_140' title='bbox 368 1983 433 2035; x_wconf 87' lang='lat' dir='ltr'><strong>erut</strong></span> <span class='ocrx_word' id='word_1_141' title='bbox 448 1982 600 2043; x_wconf 88' lang='lat' dir='ltr'><strong>nostrum,</strong></span> <span class='ocrx_word' id='word_1_142' title='bbox 623 1976 650 2034; x_wconf 91' lang='lat' dir='ltr'><strong>si</strong></span> <span class='ocrx_word' id='word_1_143' title='bbox 665 1975 789 2036; x_wconf 81' lang='lat' dir='ltr'><strong>delinita</strong></span> <span class='ocrx_word' id='word_1_144' title='bbox 804 1976 946 2036; x_wconf 76' lang='lat' dir='ltr'><strong>fuissem:</strong></span> 
     </span>
     <span class='ocr_line' id='line_1_22' title="bbox 278 2059 1014 2133; baseline -0.004 -14"><span class='ocrx_word' id='word_1_145' title='bbox 278 2059 350 2120; x_wconf 85' lang='lat' dir='ltr'><strong>Cum</strong></span> <span class='ocrx_word' id='word_1_146' title='bbox 366 2061 422 2118; x_wconf 91' lang='lat' dir='ltr'><strong>sim</strong></span> <span class='ocrx_word' id='word_1_147' title='bbox 436 2067 539 2133; x_wconf 81' lang='lat' dir='ltr'><strong>rapta,</strong></span> <span class='ocrx_word' id='word_1_148' title='bbox 562 2073 663 2118; x_wconf 88' lang='lat' dir='ltr'><strong>meum</strong></span> <span class='ocrx_word' id='word_1_149' title='bbox 679 2059 753 2133; x_wconf 88' lang='lat' dir='ltr'><strong>quid</strong></span> <span class='ocrx_word' id='word_1_150' title='bbox 769 2059 828 2119; x_wconf 88' lang='lat' dir='ltr'><strong>nisi</strong></span> <span class='ocrx_word' id='word_1_151' title='bbox 844 2061 924 2120; x_wconf 87' lang='lat' dir='ltr'><strong>uelle</strong></span> <span class='ocrx_word' id='word_1_152' title='bbox 941 2059 1014 2120; x_wconf 74' lang='lat' dir='ltr'><strong>fuiti</strong></span> 
     </span>
     <span class='ocr_line' id='line_1_23' title="bbox 192 2142 990 2217; baseline -0.008 -12"><span class='ocrx_word' id='word_1_153' title='bbox 192 2152 226 2205; x_wconf 75' lang='lat'><strong>25</strong></span> <span class='ocrx_word' id='word_1_154' title='bbox 237 2143 304 2203; x_wconf 87' lang='lat' dir='ltr'><strong>Non</strong></span> <span class='ocrx_word' id='word_1_155' title='bbox 319 2149 420 2202; x_wconf 86' lang='lat' dir='ltr'><strong>temen</strong></span> <span class='ocrx_word' id='word_1_156' title='bbox 436 2159 453 2202; x_wconf 93' lang='lat' dir='ltr'><strong>e</strong></span> <span class='ocrx_word' id='word_1_157' title='bbox 469 2143 551 2202; x_wconf 85' lang='lat' dir='ltr'><strong>facto</strong></span> <span class='ocrx_word' id='word_1_158' title='bbox 565 2142 693 2202; x_wconf 79' lang='lat' dir='ltr'><strong>fructum</strong></span> <span class='ocrx_word' id='word_1_159' title='bbox 708 2143 774 2202; x_wconf 92' lang='lat' dir='ltr'><strong>tulit</strong></span> <span class='ocrx_word' id='word_1_160' title='bbox 789 2143 839 2203; x_wconf 91' lang='lat' dir='ltr'><strong>ille</strong></span> <span class='ocrx_word' id='word_1_161' title='bbox 856 2144 990 2217; x_wconf 91' lang='lat' dir='ltr'><strong>petitum.</strong></span> 
     </span>
     <span class='ocr_line' id='line_1_24' title="bbox 274 2225 835 2300; baseline -0.005 -14"><span class='ocrx_word' id='word_1_162' title='bbox 274 2227 412 2300; x_wconf 83' lang='lat' dir='ltr'><strong>Excepto</strong></span> <span class='ocrx_word' id='word_1_163' title='bbox 428 2225 505 2285; x_wconf 88' lang='lat' dir='ltr'><strong>redii</strong></span> <span class='ocrx_word' id='word_1_164' title='bbox 520 2241 615 2300; x_wconf 86' lang='lat' dir='ltr'><strong>possa</strong></span> <span class='ocrx_word' id='word_1_165' title='bbox 629 2226 738 2286; x_wconf 90' lang='lat' dir='ltr'><strong>timore</strong></span> <span class='ocrx_word' id='word_1_166' title='bbox 753 2227 835 2286; x_wconf 88' lang='lat' dir='ltr'><strong>nihil.</strong></span> 
     </span>
     <span class='ocr_line' id='line_1_25' title="bbox 235 2309 1000 2384; baseline -0.003 -14"><span class='ocrx_word' id='word_1_167' title='bbox 235 2309 348 2370; x_wconf 87' lang='lat' dir='ltr'><strong>Oscula</strong></span> <span class='ocrx_word' id='word_1_168' title='bbox 363 2309 486 2369; x_wconf 85' lang='lat' dir='ltr'><strong>luctanti</strong></span> <span class='ocrx_word' id='word_1_169' title='bbox 501 2309 710 2369; x_wconf 89' lang='lat' dir='ltr'><strong>tantummodo</strong></span> <span class='ocrx_word' id='word_1_170' title='bbox 727 2327 826 2384; x_wconf 85' lang='lat' dir='ltr'><strong>pauca</strong></span> <span class='ocrx_word' id='word_1_171' title='bbox 841 2317 1000 2384; x_wconf 90' lang='lat' dir='ltr'><strong>protervus</strong></span> 
     </span>
     <span class='ocr_line' id='line_1_26' title="bbox 275 2392 955 2453; baseline 0 -1"><span class='ocrx_word' id='word_1_172' title='bbox 275 2392 418 2453; x_wconf 85' lang='lat' dir='ltr'><strong>Abstulit.</strong></span> <span class='ocrx_word' id='word_1_173' title='bbox 433 2393 566 2452; x_wconf 83' lang='lat' dir='ltr'><strong>-tdterius</strong></span> <span class='ocrx_word' id='word_1_174' title='bbox 582 2394 623 2451; x_wconf 88' lang='lat' dir='ltr'><strong>nil</strong></span> <span class='ocrx_word' id='word_1_175' title='bbox 638 2393 730 2452; x_wconf 88' lang='lat' dir='ltr'><strong>hebet</strong></span> <span class='ocrx_word' id='word_1_176' title='bbox 746 2395 796 2453; x_wconf 91' lang='lat' dir='ltr'><strong>ille</strong></span> <span class='ocrx_word' id='word_1_177' title='bbox 812 2394 879 2452; x_wconf 91' lang='lat' dir='ltr'><strong>mei.</strong></span> <span class='ocrx_word' id='word_1_178' title='bbox 953 2396 955 2399; x_wconf 79' lang='grc'>’</span> 
     </span>
     <span class='ocr_line' id='line_1_27' title="bbox 234 2476 1049 2551; baseline -0.007 -14"><span class='ocrx_word' id='word_1_179' title='bbox 234 2477 317 2550; x_wconf 79' lang='lat' dir='ltr'><strong>Quae</strong></span> <span class='ocrx_word' id='word_1_180' title='bbox 332 2484 383 2536; x_wconf 88' lang='lat' dir='ltr'><strong>tua</strong></span> <span class='ocrx_word' id='word_1_181' title='bbox 397 2476 532 2551; x_wconf 88' lang='lat' dir='ltr'><strong>nequitia</strong></span> <span class='ocrx_word' id='word_1_182' title='bbox 546 2485 607 2550; x_wconf 85' lang='lat' dir='ltr'><strong>est,</strong></span> <span class='ocrx_word' id='word_1_183' title='bbox 629 2493 690 2536; x_wconf 88' lang='lat' dir='ltr'><strong>uon</strong></span> <span class='ocrx_word' id='word_1_184' title='bbox 706 2477 754 2536; x_wconf 90' lang='lat' dir='ltr'><strong>his</strong></span> <span class='ocrx_word' id='word_1_185' title='bbox 770 2485 911 2538; x_wconf 86' lang='lat' dir='ltr'><strong>contenta</strong></span> <span class='ocrx_word' id='word_1_186' title='bbox 925 2477 1049 2536; x_wconf 84' lang='lat' dir='ltr'><strong>luisset:</strong></span> 
     </span>
     <span class='ocr_line' id='line_1_28' title="bbox 191 2560 863 2623; baseline -0.007 0"><span class='ocrx_word' id='word_1_187' title='bbox 191 2568 226 2623; x_wconf 75' lang='lat'><strong>30</strong></span> <span class='ocrx_word' id='word_1_188' title='bbox 279 2560 316 2618; x_wconf 88' lang='lat' dir='ltr'><strong>Di</strong></span> <span class='ocrx_word' id='word_1_189' title='bbox 331 2561 453 2619; x_wconf 88' lang='lat' dir='ltr'><strong>meliust</strong></span> <span class='ocrx_word' id='word_1_190' title='bbox 475 2560 582 2620; x_wconf 89' lang='lat' dir='ltr'><strong>similis</strong></span> <span class='ocrx_word' id='word_1_191' title='bbox 599 2561 731 2620; x_wconf 79' lang='lat' dir='ltr'><strong>nonfuit</strong></span> <span class='ocrx_word' id='word_1_192' title='bbox 746 2560 797 2620; x_wconf 90' lang='lat' dir='ltr'><strong>illc</strong></span> <span class='ocrx_word' id='word_1_193' title='bbox 811 2563 863 2619; x_wconf 91' lang='lat' dir='ltr'><strong>tui.</strong></span> 
     </span>
     <span class='ocr_line' id='line_1_29' title="bbox 233 2643 1042 2717; baseline -0.009 -14"><span class='ocrx_word' id='word_1_194' title='bbox 233 2643 378 2704; x_wconf 86' lang='lat' dir='ltr'><strong>Reddidit</strong></span> <span class='ocrx_word' id='word_1_195' title='bbox 392 2645 543 2703; x_wconf 85' lang='lat' dir='ltr'><strong>intactam.</strong></span> <span class='ocrx_word' id='word_1_196' title='bbox 564 2643 733 2717; x_wconf 89' lang='lat' dir='ltr'><strong>minuitque</strong></span> <span class='ocrx_word' id='word_1_197' title='bbox 748 2644 899 2704; x_wconf 86' lang='lat' dir='ltr'><strong>modestia</strong></span> <span class='ocrx_word' id='word_1_198' title='bbox 913 2645 1042 2702; x_wconf 83' lang='lat' dir='ltr'><strong>crimen:</strong></span> 
     </span>
     <span class='ocr_line' id='line_1_30' title="bbox 273 2727 1134 2802; baseline -0.002 -14"><span class='ocrx_word' id='word_1_199' title='bbox 273 2728 311 2788; x_wconf 84' lang='lat' dir='ltr'><strong>Et</strong></span> <span class='ocrx_word' id='word_1_200' title='bbox 325 2728 467 2787; x_wconf 90' lang='lat' dir='ltr'><strong>iuvenem</strong></span> <span class='ocrx_word' id='word_1_201' title='bbox 481 2727 552 2786; x_wconf 81' lang='lat' dir='ltr'><strong>lacti</strong></span> <span class='ocrx_word' id='word_1_202' title='bbox 568 2727 756 2802; x_wconf 88' lang='lat' dir='ltr'><strong>paenituisse</strong></span> <span class='ocrx_word' id='word_1_203' title='bbox 772 2735 863 2802; x_wconf 82' lang='lat' dir='ltr'><strong>petet.</strong></span> <span class='ocrx_word' id='word_1_204' title='bbox 1130 2733 1134 2736; x_wconf 85' lang='grc'><strong>’</strong></span> 
     </span>
     <span class='ocr_line' id='line_1_31' title="bbox 231 2810 942 2884; baseline -0.003 -14"><span class='ocrx_word' id='word_1_205' title='bbox 231 2810 351 2870; x_wconf 81' lang='lat' dir='ltr'><strong>Thesea</strong></span> <span class='ocrx_word' id='word_1_206' title='bbox 367 2810 530 2884; x_wconf 86' lang='lat' dir='ltr'><strong>paenituit,</strong></span> <span class='ocrx_word' id='word_1_207' title='bbox 551 2810 637 2870; x_wconf 85' lang='lat' dir='ltr'><strong>Paris</strong></span> <span class='ocrx_word' id='word_1_208' title='bbox 652 2819 685 2870; x_wconf 95' lang='lat' dir='ltr'><strong>ut</strong></span> <span class='ocrx_word' id='word_1_209' title='bbox 697 2811 878 2870; x_wconf 87' lang='lat' dir='ltr'><strong>succederet</strong></span> <span class='ocrx_word' id='word_1_210' title='bbox 892 2811 942 2882; x_wconf 91' lang='lat' dir='ltr'><strong>illi,</strong></span> 
     </span>
     <span class='ocr_line' id='line_1_32' title="bbox 275 2893 968 2975; baseline -0.004 -22"><span class='ocrx_word' id='word_1_211' title='bbox 275 2893 319 2954; x_wconf 87' lang='lat' dir='ltr'><strong>Ne</strong></span> <span class='ocrx_word' id='word_1_212' title='bbox 335 2895 459 2969; x_wconf 88' lang='lat' dir='ltr'><strong>quando</strong></span> <span class='ocrx_word' id='word_1_213' title='bbox 477 2909 588 2956; x_wconf 88' lang='lat' dir='ltr'><strong>nomen</strong></span> <span class='ocrx_word' id='word_1_214' title='bbox 604 2911 665 2953; x_wconf 86' lang='lat' dir='ltr'><strong>non</strong></span> <span class='ocrx_word' id='word_1_215' title='bbox 682 2894 764 2975; x_wconf 31' lang='lat' dir='ltr'><strong>sit—in</strong></span> <span class='ocrx_word' id='word_1_216' title='bbox 780 2910 834 2954; x_wconf 91' lang='lat' dir='ltr'><strong>ore</strong></span> <span class='ocrx_word' id='word_1_217' title='bbox 848 2899 968 2952; x_wconf 70' lang='lat' dir='ltr'><strong>meum?</strong></span> 
     </span>
     <span class='ocr_line' id='line_1_33' title="bbox 190 2973 1070 3052; baseline -0.007 -13"><span class='ocrx_word' id='word_1_218' title='bbox 190 2985 224 3039; x_wconf 81' lang='lat'><strong>35</strong></span> <span class='ocrx_word' id='word_1_219' title='bbox 235 2976 298 3036; x_wconf 92' lang='lat' dir='ltr'><strong>Nec</strong></span> <span class='ocrx_word' id='word_1_220' title='bbox 312 2985 413 3037; x_wconf 87' lang='lat' dir='ltr'><strong>tamen</strong></span> <span class='ocrx_word' id='word_1_221' title='bbox 428 2978 554 3038; x_wconf 86' lang='lat' dir='ltr'><strong>irascor.</strong></span> <span class='ocrx_word' id='word_1_222' title='bbox 578 2979 647 3052; x_wconf 91' lang='lat' dir='ltr'><strong>quis</strong></span> <span class='ocrx_word' id='word_1_223' title='bbox 663 2980 742 3037; x_wconf 88' lang='lat' dir='ltr'><strong>enim</strong></span> <span class='ocrx_word' id='word_1_224' title='bbox 758 2984 921 3038; x_wconf 87' lang='lat' dir='ltr'><strong>succenset</strong></span> <span class='ocrx_word' id='word_1_225' title='bbox 935 2973 1070 3034; x_wconf 68' lang='lat' dir='ltr'><strong>umenti?</strong></span> 
     </span>
     <span class='ocr_line' id='line_1_34' title="bbox 277 3060 1085 3136; baseline -0.006 -16"><span class='ocrx_word' id='word_1_226' title='bbox 277 3060 432 3133; x_wconf 80' lang='lat' dir='ltr'><strong>simodo,</strong></span> <span class='ocrx_word' id='word_1_227' title='bbox 457 3077 549 3136; x_wconf 90' lang='lat' dir='ltr'><strong>quem</strong></span> <span class='ocrx_word' id='word_1_228' title='bbox 563 3063 716 3136; x_wconf 79' lang='lat' dir='ltr'><strong>praefers,</strong></span> <span class='ocrx_word' id='word_1_229' title='bbox 739 3077 801 3121; x_wconf 90' lang='lat' dir='ltr'><strong>non</strong></span> <span class='ocrx_word' id='word_1_230' title='bbox 817 3062 974 3121; x_wconf 87' lang='lat' dir='ltr'><strong>simulator</strong></span> <span class='ocrx_word' id='word_1_231' title='bbox 989 3073 1085 3117; x_wconf 81' lang='lat' dir='ltr'><strong>amor.</strong></span> 
     </span>
     <span class='ocr_line' id='line_1_35' title="bbox 231 3141 1088 3219; baseline -0.005 -17"><span class='ocrx_word' id='word_1_232' title='bbox 231 3143 298 3205; x_wconf 89' lang='lat' dir='ltr'><strong>Hoc</strong></span> <span class='ocrx_word' id='word_1_233' title='bbox 314 3160 440 3218; x_wconf 91' lang='lat' dir='ltr'><strong>quoque</strong></span> <span class='ocrx_word' id='word_1_234' title='bbox 454 3146 534 3204; x_wconf 88' lang='lat' dir='ltr'><strong>enim</strong></span> <span class='ocrx_word' id='word_1_235' title='bbox 550 3144 664 3206; x_wconf 89' lang='lat' dir='ltr'><strong>dubito.</strong></span> <span class='ocrx_word' id='word_1_236' title='bbox 693 3161 753 3206; x_wconf 89' lang='lat' dir='ltr'><strong>non</strong></span> <span class='ocrx_word' id='word_1_237' title='bbox 772 3146 855 3219; x_wconf 91' lang='lat' dir='ltr'><strong>quod</strong></span> <span class='ocrx_word' id='word_1_238' title='bbox 871 3144 984 3204; x_wconf 85' lang='lat' dir='ltr'><strong>fiducie</strong></span> <span class='ocrx_word' id='word_1_239' title='bbox 998 3141 1088 3210; x_wconf 92' lang='lat' dir='ltr'><strong>desit,</strong></span> 
     </span>
     <span class='ocr_line' id='line_1_36' title="bbox 274 3227 941 3289; baseline -0.006 -3"><span class='ocrx_word' id='word_1_240' title='bbox 274 3231 338 3288; x_wconf 86' lang='lat' dir='ltr'><strong>Aut¹</strong></span> <span class='ocrx_word' id='word_1_241' title='bbox 348 3229 471 3288; x_wconf 88' lang='lat' dir='ltr'><strong>meu-sit</strong></span> <span class='ocrx_word' id='word_1_242' title='bbox 485 3229 580 3289; x_wconf 86' lang='lat' dir='ltr'><strong>facies</strong></span> <span class='ocrx_word' id='word_1_243' title='bbox 595 3245 657 3288; x_wconf 88' lang='lat' dir='ltr'><strong>non</strong></span> <span class='ocrx_word' id='word_1_244' title='bbox 672 3229 752 3289; x_wconf 86' lang='lat' dir='ltr'><strong>bene</strong></span> <span class='ocrx_word' id='word_1_245' title='bbox 766 3236 840 3288; x_wconf 87' lang='lat' dir='ltr'><strong>nota</strong></span> <span class='ocrx_word' id='word_1_246' title='bbox 854 3227 941 3286; x_wconf 77' lang='lat' dir='ltr'><strong>mihi:</strong></span> 
     </span>
     <span class='ocr_line' id='line_1_37' title="bbox 234 3309 1006 3386; baseline -0.004 -16"><span class='ocrx_word' id='word_1_247' title='bbox 234 3309 296 3371; x_wconf 87' lang='lat' dir='ltr'><strong>Sed</strong></span> <span class='ocrx_word' id='word_1_248' title='bbox 312 3313 384 3386; x_wconf 87' lang='lat' dir='ltr'><strong>quia</strong></span> <span class='ocrx_word' id='word_1_249' title='bbox 399 3312 563 3372; x_wconf 89' lang='lat' dir='ltr'><strong>credulitas</strong></span> <span class='ocrx_word' id='word_1_250' title='bbox 576 3314 690 3372; x_wconf 66' lang='lat' dir='ltr'><strong>&#39;damno</strong></span> <span class='ocrx_word' id='word_1_251' title='bbox 707 3315 785 3372; x_wconf 91' lang='lat' dir='ltr'><strong>solet</strong></span> <span class='ocrx_word' id='word_1_252' title='bbox 800 3327 871 3371; x_wconf 87' lang='lat' dir='ltr'><strong>esse</strong></span> <span class='ocrx_word' id='word_1_253' title='bbox 887 3309 1006 3384; x_wconf 86' lang='lat' dir='ltr'><strong>puellis,</strong></span> 
     </span>
     <span class='ocr_line' id='line_1_38' title="bbox 192 3394 926 3469; baseline 0.003 -15"><span class='ocrx_word' id='word_1_254' title='bbox 192 3403 227 3454; x_wconf 82' lang='lat' dir='ltr'><strong>lo</strong></span> <span class='ocrx_word' id='word_1_255' title='bbox 279 3394 445 3469; x_wconf 88' lang='lat' dir='ltr'><strong>Verbaque</strong></span> <span class='ocrx_word' id='word_1_256' title='bbox 460 3396 602 3455; x_wconf 90' lang='lat' dir='ltr'><strong>dicuntur</strong></span> <span class='ocrx_word' id='word_1_257' title='bbox 619 3404 720 3454; x_wconf 89' lang='lat' dir='ltr'><strong>vestre</strong></span> <span class='ocrx_word' id='word_1_258' title='bbox 736 3411 841 3454; x_wconf 89' lang='lat' dir='ltr'><strong>carere</strong></span> <span class='ocrx_word' id='word_1_259' title='bbox 856 3395 926 3456; x_wconf 90' lang='lat' dir='ltr'><strong>fide.</strong></span> 
     </span>
     <span class='ocr_line' id='line_1_39' title="bbox 235 3478 1031 3553; baseline -0.001 -19"><span class='ocrx_word' id='word_1_260' title='bbox 235 3478 275 3535; x_wconf 89' lang='lat' dir='ltr'><strong>At</strong></span> <span class='ocrx_word' id='word_1_261' title='bbox 287 3487 416 3550; x_wconf 87' lang='lat' dir='ltr'><strong>peccunt</strong></span> <span class='ocrx_word' id='word_1_262' title='bbox 430 3479 522 3551; x_wconf 83' lang='lat' dir='ltr'><strong>oliae,</strong></span> <span class='ocrx_word' id='word_1_263' title='bbox 547 3486 745 3552; x_wconf 85' lang='lat' dir='ltr'><strong>matronaque</strong></span> <span class='ocrx_word' id='word_1_264' title='bbox 759 3495 829 3537; x_wconf 85' lang='lat' dir='ltr'><strong>rara</strong></span> <span class='ocrx_word' id='word_1_265' title='bbox 844 3478 958 3553; x_wconf 84' lang='lat' dir='ltr'><strong>pudica</strong></span> <span class='ocrx_word' id='word_1_266' title='bbox 972 3482 1031 3536; x_wconf 89' lang='lat' dir='ltr'><strong>est.</strong></span> 
     </span>
    </p>
   </div>
   <div class='ocr_carea' id='block_1_3' title="bbox 0 0 1248 4006">
    <p class='ocr_par' dir='ltr' id='par_1_3' title="bbox 0 0 1248 4006">
     <span class='ocr_line' id='line_1_40' title="bbox 0 0 1248 4006; baseline 0 1"><span class='ocrx_word' id='word_1_267' title='bbox 0 0 1248 4006; x_wconf 95' lang='lat' dir='ltr'><strong> </strong></span> 
     </span>
    </p>
   </div>
  </div>
 </body>
</html>
