2498 4008
131 223 201 299 198,
489 223 629 286 ARTIS
651 223 789 286 ΑΜΑΤ.

253 374 437 456 Phylacides
453 374 571 448 aberat,
593 374 769 445 Laodamia,
792 381 873 436 tuus.
929 387 940 402 “

213 461 276 522 Sed
290 474 375 521 mora
388 465 452 520 1010
465 458 578 518 brevis.
597 458 768 518 lentescunt
781 464 919 532 tempore
934 475 1034 534 curae,

253 543 462 618 Vanescitque
477 535 590 602 absens
606 549 636 601 et
649 558 750 603 novus
766 543 855 602 intrat
870 556 965 602 amor.

213 629 290 688 Ilum
305 627 461 686 Menelaus
477 625 578 699 abest,
600 625 730 699 Helene,
752 641 791 686 ne
807 626 874 685 sola
889 626 1010 700 iaceret,

102 743 104 746 ·
147 721 200 776 360
254 710 391 786 Hospitis
406 715 455 770 001
467 709 572 784 tepido
587 716 678 768 00010
692 717 817 784 0000010
831 708 916 768 010οζ

212 793 284 874 Quis
300 801 407 868 stupor
419 793 485 867 hic,
503 791 658 864 Menelao,
680 791 755 852 tuiti
775 799 806 851 tu
821 794 907 852 solus
923 793 1041 867 abibas,

254 877 356 937 Isdem
371 876 429 938 sub
443 879 531 936 tectis
546 876 663 950 hospes
679 883 709 935 et
722 891 801 936 uxor
816 883 922 934 eranti

210 960 357 1035 Accipitri
374 960 496 1020 timidas
512 957 627 1032 credis,
650 957 780 1032 iuriose,
804 959 976 1020 columbas!

252 1045 377 1104 Plenum
393 1050 537 1104 montano
553 1041 653 1102 eredis
669 1041 749 1101 ovile
762 1043 851 1116 10001

146 1127 253 1192 0001111
269 1128 384 1188 Helene
400 1135 522 1202 000001,
543 1124 616 1185 nihil
629 1125 678 1184 hie
693 1126 848 1185 committit
863 1126 987 1187 adulter.

253 1211 342 1284 Quod
353 1218 403 1282 -10,
428 1211 510 1284 quod
525 1210 639 1270 iaceret
654 1209 792 1284 quilibet,
813 1209 863 1268 ille
878 1210 957 1268 iacit.

211 1294 302 1368 Cogis
317 1293 495 1353 adulterium
512 1292 614 1352 dando
628 1299 812 1368 tempusque
826 1294 998 1367 locumque.

253 1377 331 1450 Quid
345 1377 403 1437 nisi
419 1377 547 1437 00001110
562 1382 609 1434 001
622 1391 679 1435 000
694 1376 796 1460 000110
809 1382 883 1435 tuot

210 1461 287 1534 Quid
303 1460 414 1520 laciali
434 1460 481 1518 vir
495 1459 597 1530 abest,
618 1465 647 1519 01
663 1459 751 1519 adest
765 1476 827 1519 000
840 1460 971 1519 rusticus
986 1458 1118 1535 1000000,

145 1551 198 1607 370
249 1544 287 1602 Et
300 1544 383 1603 timet
397 1542 427 1602 10
442 1557 540 1602 vacuo
558 1542 625 1602 sola
640 1543 752 1602 cubare
767 1549 845 1602 toro.

208 1627 327 1688 Viderit
343 1626 483 1686 Atridesr
503 1625 637 1684 Helenen
654 1641 712 1700 ego
730 1626 855 1686 crimine
870 1627 972 1686 solvo:

129 1747 132 1752 -
249 1710 375 1771 Usa'est
389 1708 513 1770 humani
528 1707 742 1769 commoditate
758 1709 822 1767 viri.

210 1792 272 1854 Sed
287 1808 388 1868 neque
404 1792 504 1853 sulvus
520 1808 594 1867 aper
607 1793 707 1852 media
722 1799 782 1852 tam
798 1807 909 1852 saevus
925 1792 955 1852 in
970 1792 1015 1852 ira
1030 1799 1087 1868 est,

249 1875 405 1938 Fulmineo
420 1874 546 1935 rabidos
561 1891 629 1935 cum
644 1883 722 1936 00101
737 1891 791 1936 000
807 1873 914 1948 canes,

142 1967 195 2024 375
205 1959 267 2019 Nec
282 1961 344 2032 lea,
368 1975 435 2018 cum
450 1959 558 2019 catulis
576 1959 757 2020 lactantibus
772 1953 867 2019 ubera
882 1957 1016 2034 praebet,

248 2043 310 2102 Nee
324 2042 427 2103 brevis
443 2041 549 2118 ignaro
566 2042 671 2117 vipera
688 2043 774 2102 laesa
788 2043 877 2117 pede,

206 2125 329 2186 Femina
345 2143 436 2202 quam
450 2126 527 2186 socii
542 2126 696 2200 deprensa
713 2127 811 2201 pelice
826 2127 894 2186 lecti

241 2210 356 2284 Ardet,
377 2217 406 2270 ct
419 2210 450 2269 in
464 2210 549 2270 vultu
563 2209 692 2284 pignora
706 2210 815 2270 mentis
831 2208 930 2270 habet.

153 2327 159 2336 ι
204 2291 238 2353 10
254 2293 364 2353 ierrum
380 2292 582 2367 flammasque
596 2294 669 2365 ruit,
691 2291 856 2368 positoque
871 2293 984 2352 decore

141 2384 193 2438 380
244 2376 364 2450 Fertur,
388 2384 418 2436 01
434 2377 525 2436 Aonii
540 2375 683 2436 cornibus
698 2376 759 2436 icta
771 2376 832 2436 dei.

151 2491 194 2501 -—
206 2458 349 2540 Coniugis
364 2459 533 2520 admissum
547 2459 723 2535 violataque
737 2462 802 2519 iura
817 2457 941 2519 maritae

151 2576 194 2586 —
245 2542 381 2602 Barbara
395 2557 451 2617 000
465 2551 553 2622 00100
568 2542 697 2604 Phasias
712 2545 775 2603 ulta
791 2557 875 2603 0000.

164 2659 195 2685 -,
205 2625 308 2685 Altera
324 2626 388 2685 dira
402 2641 514 2700 parens
530 2621 607 2686 10000
622 2633 683 2700 001,
706 2642 797 2700 quam
814 2625 930 2697 cernis,
950 2621 1103 2684 hirundoa

148 2741 192 2754 ·—
242 2709 374 2784 Aspice,
397 2709 548 2783 signatum
562 2710 711 2784 sanguine
726 2716 835 2785 000100
849 2707 950 2768 habet.

138 2800 190 2855 385
202 2794 267 2852 Hoc
282 2791 361 2852 bene
377 2793 580 2869 compositos,
602 2793 662 2852 hoc
676 2793 781 2852 firmos
798 2793 890 2852 solvit
903 2805 1034 2852 amores.

246 2875 376 2934 Crimina
392 2882 462 2936 sunt
476 2877 573 2937 cautis
588 2877 648 2936 ista
662 2876 796 2936 timenda
812 2875 895 2934 viris.

202 2958 263 3017 Nec
278 2974 346 3018 mea
362 2973 419 3022 vos
434 2959 486 3019 uni
501 2960 625 3020 damnat
642 2975 772 3020 0000000
786 2960 916 3035 0001100.

242 3040 280 3099 Di
295 3042 418 3101 melius!
442 3042 494 3100 vix
502 3042 567 3102 -lroc
582 3050 676 3118 nupta
690 3051 794 3104 tenere
811 3049 921 3117 potest.

199 3124 323 3199 Ludite,
346 3125 403 3184 sed
418 3125 497 3186 iurto
513 3127 628 3187 celetur
643 3128 733 3203 culpa
747 3127 903 3187 modest0=

136 3215 189 3270 390
243 3208 345 3269 Gloria
360 3211 477 3284 0000011
492 3211 575 3270 00110
590 3211 722 3285 petenda
737 3211 785 3272 sui
801 3216 858 3270 est.

200 3291 262 3350 Nec
277 3291 399 3352 dederis
414 3309 539 3368 munus,
561 3309 715 3368 cog-nosse
731 3294 816 3370 quod
831 3293 925 3352 altera
939 3291 1051 3366 possit,

241 3374 303 3432 Nec
318 3373 379 3433 sint
392 3376 545 3450 nequitiae
559 3382 699 3452 tempora
713 3385 795 3438 certa
811 3385 888 3438 tuae.

198 3453 249 3526 Et,
272 3471 311 3514 ne
325 3465 354 3516 10
370 3459 470 3550 capiat
484 3458 608 3519 latebris
625 3460 683 3520 sibi
698 3461 810 3526 femina
826 3459 916 3534 00110,
