<?xml version="1.0" encoding="UTF-8"?>
<!DOCTYPE html PUBLIC "-//W3C//DTD XHTML 1.0 Transitional//EN"
    "http://www.w3.org/TR/xhtml1/DTD/xhtml1-transitional.dtd">
<html xmlns="http://www.w3.org/1999/xhtml" xml:lang="en" lang="en">
 <head>
  <title>
</title>
<meta http-equiv="Content-Type" content="text/html;charset=utf-8" />
  <meta name='ocr-system' content='tesseract 3.04.00' />
  <meta name='ocr-capabilities' content='ocr_page ocr_carea ocr_par ocr_line ocrx_word'/>
</head>
<body>
  <div class='ocr_page' id='page_1' title='image "./povidiusnaso02merkgoog_0074.png"; bbox 0 0 2472 4010; ppageno 0'>
   <div class='ocr_carea' id='block_1_1' title="bbox 426 213 775 306">
    <p class='ocr_par' dir='ltr' id='par_1_1' title="bbox 426 213 775 306">
     <span class='ocr_line' id='line_1_1' title="bbox 426 213 775 306; baseline 0.011 -16"><span class='ocrx_word' id='word_1_1' title='bbox 426 233 479 306; x_wconf 91' lang='grc' dir='ltr'>ιιι,</span> <span class='ocrx_word' id='word_1_2' title='bbox 496 232 531 305; x_wconf 77' lang='lat'><strong>2,</strong></span> <span class='ocrx_word' id='word_1_3' title='bbox 546 230 588 293; x_wconf 74' lang='lat' dir='ltr'><strong>ao</strong></span> <span class='ocrx_word' id='word_1_4' title='bbox 605 265 643 276; x_wconf 85' lang='lat'>-</span> <span class='ocrx_word' id='word_1_5' title='bbox 658 231 692 305; x_wconf 83' lang='lat'><strong>4,</strong></span> <span class='ocrx_word' id='word_1_6' title='bbox 708 213 775 294; x_wconf 59' lang='lat'><strong>21(</strong></span> 
     </span>
    </p>
   </div>
   <div class='ocr_carea' id='block_1_2' title="bbox 35 383 1097 1712">
    <p class='ocr_par' dir='ltr' id='par_1_2' title="bbox 164 383 941 459">
     <span class='ocr_line' id='line_1_2' title="bbox 164 383 941 459; baseline 0 -15"><span class='ocrx_word' id='word_1_7' title='bbox 164 385 201 444; x_wconf 81' lang='lat' dir='ltr'><strong>Et</strong></span> <span class='ocrx_word' id='word_1_8' title='bbox 216 385 378 459; x_wconf 90' lang='lat' dir='ltr'><strong>quisquam</strong></span> <span class='ocrx_word' id='word_1_9' title='bbox 394 385 445 459; x_wconf 91' lang='lat' dir='ltr'><strong>pia</strong></span> <span class='ocrx_word' id='word_1_10' title='bbox 459 391 527 444; x_wconf 89' lang='lat' dir='ltr'><strong>tura</strong></span> <span class='ocrx_word' id='word_1_11' title='bbox 542 383 620 442; x_wconf 88' lang='lat' dir='ltr'><strong>iocis</strong></span> <span class='ocrx_word' id='word_1_12' title='bbox 634 385 784 458; x_wconf 75' lang='lat' dir='ltr'>inponere</span> <span class='ocrx_word' id='word_1_13' title='bbox 799 391 905 446; x_wconf 81' lang='lat' dir='ltr'><strong>curati</strong></span> <span class='ocrx_word' id='word_1_14' title='bbox 934 409 941 424; x_wconf 39' lang='lat' dir='ltr'><strong>a</strong></span> 
     </span>
    </p>

    <p class='ocr_par' dir='ltr' id='par_1_3' title="bbox 115 467 905 628">
     <span class='ocr_line' id='line_1_3' title="bbox 115 467 811 543; baseline -0.001 -14"><span class='ocrx_word' id='word_1_15' title='bbox 115 535 118 540; x_wconf 59' lang='grc'><strong>,</strong></span> <span class='ocrx_word' id='word_1_16' title='bbox 207 469 293 529; x_wconf 87' lang='lat' dir='ltr'><strong>Certe</strong></span> <span class='ocrx_word' id='word_1_17' title='bbox 308 469 378 543; x_wconf 88' lang='lat' dir='ltr'><strong>plus</strong></span> <span class='ocrx_word' id='word_1_18' title='bbox 394 468 486 527; x_wconf 90' lang='lat' dir='ltr'><strong>animi</strong></span> <span class='ocrx_word' id='word_1_19' title='bbox 501 467 592 526; x_wconf 85' lang='lat' dir='ltr'><strong>debet</strong></span> <span class='ocrx_word' id='word_1_20' title='bbox 607 467 711 528; x_wconf 86' lang='lat' dir='ltr'><strong>inesse</strong></span> <span class='ocrx_word' id='word_1_21' title='bbox 726 469 811 528; x_wconf 76' lang='lat' dir='ltr'><strong>virio.</strong></span> 
     </span>
     <span class='ocr_line' id='line_1_4' title="bbox 121 550 905 628; baseline 0.003 -13"><span class='ocrx_word' id='word_1_22' title='bbox 121 562 156 615; x_wconf 82' lang='lat'><strong>35</strong></span> <span class='ocrx_word' id='word_1_23' title='bbox 167 553 302 628; x_wconf 91' lang='lat' dir='ltr'><strong>luppiter</strong></span> <span class='ocrx_word' id='word_1_24' title='bbox 317 552 387 626; x_wconf 90' lang='lat' dir='ltr'><strong>igne</strong></span> <span class='ocrx_word' id='word_1_25' title='bbox 403 567 479 612; x_wconf 92' lang='lat' dir='ltr'><strong>suos</strong></span> <span class='ocrx_word' id='word_1_26' title='bbox 494 553 581 611; x_wconf 90' lang='lat' dir='ltr'><strong>lucos</strong></span> <span class='ocrx_word' id='word_1_27' title='bbox 596 550 788 611; x_wconf 84' lang='lat' dir='ltr'><strong>iaculatur-et</strong></span> <span class='ocrx_word' id='word_1_28' title='bbox 802 567 905 622; x_wconf 78' lang='lat' dir='ltr'><strong>arces,</strong></span> 
     </span>
    </p>

    <p class='ocr_par' dir='ltr' id='par_1_4' title="bbox 63 634 924 1127">
     <span class='ocr_line' id='line_1_5' title="bbox 205 634 808 711; baseline 0.002 -17"><span class='ocrx_word' id='word_1_29' title='bbox 205 637 364 711; x_wconf 83' lang='lat' dir='ltr'><strong>Missaque</strong></span> <span class='ocrx_word' id='word_1_30' title='bbox 380 636 519 710; x_wconf 88' lang='lat' dir='ltr'><strong>periuras</strong></span> <span class='ocrx_word' id='word_1_31' title='bbox 536 636 597 694; x_wconf 91' lang='lat' dir='ltr'><strong>tela</strong></span> <span class='ocrx_word' id='word_1_32' title='bbox 612 634 702 695; x_wconf 81' lang='lat' dir='ltr'><strong>ferire</strong></span> <span class='ocrx_word' id='word_1_33' title='bbox 718 642 808 695; x_wconf 86' lang='lat' dir='ltr'><strong>vetet.</strong></span> 
     </span>
     <span class='ocr_line' id='line_1_6' title="bbox 110 717 912 794; baseline -0.001 -16"><span class='ocrx_word' id='word_1_34' title='bbox 110 753 153 764; x_wconf 90' lang='lat'><em>-</em></span> <span class='ocrx_word' id='word_1_35' title='bbox 164 720 220 779; x_wconf 90' lang='lat' dir='ltr'><strong>Tot</strong></span> <span class='ocrx_word' id='word_1_36' title='bbox 233 735 372 780; x_wconf 87' lang='lat' dir='ltr'><strong>meruere</strong></span> <span class='ocrx_word' id='word_1_37' title='bbox 389 721 461 794; x_wconf 89' lang='lat' dir='ltr'><strong>peti.</strong></span> <span class='ocrx_word' id='word_1_38' title='bbox 492 717 611 778; x_wconf 80' lang='lat' dir='ltr'>Semele</span> <span class='ocrx_word' id='word_1_39' title='bbox 626 719 807 780; x_wconf 81' lang='lat' dir='ltr'><strong>miserabilis</strong></span> <span class='ocrx_word' id='word_1_40' title='bbox 825 721 912 780; x_wconf 85' lang='lat' dir='ltr'><strong>arsit:</strong></span> 
     </span>
     <span class='ocr_line' id='line_1_7' title="bbox 109 803 772 878; baseline 0.003 -20"><span class='ocrx_word' id='word_1_41' title='bbox 109 835 152 846; x_wconf 79' lang='lat'>—</span> <span class='ocrx_word' id='word_1_42' title='bbox 185 849 193 858; x_wconf 91' lang='lat'><em>.</em></span> <span class='ocrx_word' id='word_1_43' title='bbox 208 803 317 864; x_wconf 86' lang='lat' dir='ltr'><strong>Ollicio</strong></span> <span class='ocrx_word' id='word_1_44' title='bbox 333 811 380 863; x_wconf 88' lang='lat' dir='ltr'><strong>est</strong></span> <span class='ocrx_word' id='word_1_45' title='bbox 393 804 435 862; x_wconf 92' lang='lat' dir='ltr'><strong>illi</strong></span> <span class='ocrx_word' id='word_1_46' title='bbox 452 817 552 878; x_wconf 88' lang='lat' dir='ltr'><strong>poena</strong></span> <span class='ocrx_word' id='word_1_47' title='bbox 566 810 689 876; x_wconf 89' lang='lat' dir='ltr'><strong>reperta</strong></span> <span class='ocrx_word' id='word_1_48' title='bbox 704 817 772 862; x_wconf 89' lang='lat' dir='ltr'><strong>suo.</strong></span> 
     </span>
     <span class='ocr_line' id='line_1_8' title="bbox 112 884 800 960; baseline -0.003 -14"><span class='ocrx_word' id='word_1_49' title='bbox 112 921 142 930; x_wconf 95' lang='lat'><em>—</em></span> <span class='ocrx_word' id='word_1_50' title='bbox 166 891 205 946; x_wconf 83' lang='lat' dir='ltr'><strong>At</strong></span> <span class='ocrx_word' id='word_1_51' title='bbox 221 888 247 946; x_wconf 91' lang='lat' dir='ltr'><strong>si</strong></span> <span class='ocrx_word' id='word_1_52' title='bbox 263 894 390 947; x_wconf 88' lang='lat' dir='ltr'><strong>venturo</strong></span> <span class='ocrx_word' id='word_1_53' title='bbox 406 901 441 947; x_wconf 90' lang='lat' dir='ltr'><strong>se</strong></span> <span class='ocrx_word' id='word_1_54' title='bbox 457 884 659 946; x_wconf 88' lang='lat' dir='ltr'><strong>subduxisset</strong></span> <span class='ocrx_word' id='word_1_55' title='bbox 674 887 800 960; x_wconf 77' lang='lat' dir='ltr'><strong>autenti,</strong></span> 
     </span>
     <span class='ocr_line' id='line_1_9' title="bbox 110 967 924 1045; baseline 0.002 -17"><span class='ocrx_word' id='word_1_56' title='bbox 110 1005 149 1014; x_wconf 88' lang='lat'><strong>-</strong></span> <span class='ocrx_word' id='word_1_57' title='bbox 206 967 271 1029; x_wconf 88' lang='lat' dir='ltr'><strong>Non</strong></span> <span class='ocrx_word' id='word_1_58' title='bbox 286 977 374 1045; x_wconf 87' lang='lat' dir='ltr'><strong>pater</strong></span> <span class='ocrx_word' id='word_1_59' title='bbox 388 971 417 1028; x_wconf 87' lang='lat' dir='ltr'><strong>lu</strong></span> <span class='ocrx_word' id='word_1_60' title='bbox 433 969 556 1028; x_wconf 83' lang='lat' dir='ltr'><strong>Baccho</strong></span> <span class='ocrx_word' id='word_1_61' title='bbox 571 971 676 1029; x_wconf 87' lang='lat' dir='ltr'><strong>matris</strong></span> <span class='ocrx_word' id='word_1_62' title='bbox 691 969 818 1030; x_wconf 85' lang='lat' dir='ltr'><strong>haberet</strong></span> <span class='ocrx_word' id='word_1_63' title='bbox 834 987 924 1045; x_wconf 89' lang='lat' dir='ltr'><strong>opus.</strong></span> 
     </span>
     <span class='ocr_line' id='line_1_10' title="bbox 63 1053 892 1127; baseline -0.004 -11"><span class='ocrx_word' id='word_1_64' title='bbox 63 1089 68 1098; x_wconf 93' lang='lat'><strong>·</strong></span> <span class='ocrx_word' id='word_1_65' title='bbox 119 1063 153 1116; x_wconf 77' lang='lat' dir='ltr'><strong>li</strong></span> <span class='ocrx_word' id='word_1_66' title='bbox 167 1054 243 1126; x_wconf 81' lang='lat' dir='ltr'><strong>Quid</strong></span> <span class='ocrx_word' id='word_1_67' title='bbox 259 1069 385 1127; x_wconf 86' lang='lat' dir='ltr'><strong>queror,</strong></span> <span class='ocrx_word' id='word_1_68' title='bbox 408 1060 438 1112; x_wconf 89' lang='lat' dir='ltr'><strong>et</strong></span> <span class='ocrx_word' id='word_1_69' title='bbox 450 1059 515 1111; x_wconf 93' lang='lat' dir='ltr'><strong>toto</strong></span> <span class='ocrx_word' id='word_1_70' title='bbox 534 1053 613 1110; x_wconf 88' lang='lat' dir='ltr'><strong>lacio</strong></span> <span class='ocrx_word' id='word_1_71' title='bbox 630 1054 769 1112; x_wconf 87' lang='lat' dir='ltr'><strong>convicia</strong></span> <span class='ocrx_word' id='word_1_72' title='bbox 783 1055 892 1113; x_wconf 75' lang='lat' dir='ltr'><strong>caelo?</strong></span> 
     </span>
    </p>

    <p class='ocr_par' dir='ltr' id='par_1_5' title="bbox 35 1135 1097 1369">
     <span class='ocr_line' id='line_1_11' title="bbox 204 1135 1097 1211; baseline 0.003 -16"><span class='ocrx_word' id='word_1_73' title='bbox 204 1137 240 1195; x_wconf 86' lang='lat' dir='ltr'><strong>Di</strong></span> <span class='ocrx_word' id='word_1_74' title='bbox 256 1152 380 1210; x_wconf 89' lang='lat' dir='ltr'><strong>quoque</strong></span> <span class='ocrx_word' id='word_1_75' title='bbox 394 1135 508 1195; x_wconf 89' lang='lat' dir='ltr'><strong>habent</strong></span> <span class='ocrx_word' id='word_1_76' title='bbox 522 1135 645 1206; x_wconf 86' lang='lat' dir='ltr'><strong>oculos,</strong></span> <span class='ocrx_word' id='word_1_77' title='bbox 665 1135 697 1194; x_wconf 88' lang='lat' dir='ltr'><strong>di</strong></span> <span class='ocrx_word' id='word_1_78' title='bbox 713 1153 836 1209; x_wconf 90' lang='lat' dir='ltr'><strong>quoque</strong></span> <span class='ocrx_word' id='word_1_79' title='bbox 850 1145 958 1211; x_wconf 85' lang='lat' dir='ltr'><strong>pectus</strong></span> <span class='ocrx_word' id='word_1_80' title='bbox 975 1139 1097 1199; x_wconf 87' lang='lat' dir='ltr'><strong>habent.</strong></span> 
     </span>
     <span class='ocr_line' id='line_1_12' title="bbox 165 1219 961 1295; baseline 0.001 -16"><span class='ocrx_word' id='word_1_81' title='bbox 165 1219 197 1279; x_wconf 87' lang='lat' dir='ltr'><strong>Si</strong></span> <span class='ocrx_word' id='word_1_82' title='bbox 213 1221 290 1279; x_wconf 86' lang='lat' dir='ltr'><strong>deus</strong></span> <span class='ocrx_word' id='word_1_83' title='bbox 305 1219 375 1295; x_wconf 92' lang='lat' dir='ltr'><strong>ipse</strong></span> <span class='ocrx_word' id='word_1_84' title='bbox 390 1221 502 1290; x_wconf 87' lang='lat' dir='ltr'><strong>iorem,</strong></span> <span class='ocrx_word' id='word_1_85' title='bbox 524 1232 636 1276; x_wconf 86' lang='lat' dir='ltr'><strong>numen</strong></span> <span class='ocrx_word' id='word_1_86' title='bbox 653 1219 720 1278; x_wconf 88' lang='lat' dir='ltr'><strong>sine</strong></span> <span class='ocrx_word' id='word_1_87' title='bbox 735 1221 843 1278; x_wconf 81' lang='lat' dir='ltr'><strong>fraude</strong></span> <span class='ocrx_word' id='word_1_88' title='bbox 858 1221 961 1280; x_wconf 85' lang='lat' dir='ltr'><strong>liceret</strong></span> 
     </span>
     <span class='ocr_line' id='line_1_13' title="bbox 35 1301 807 1369; baseline -0.003 -6"><span class='ocrx_word' id='word_1_89' title='bbox 35 1363 39 1369; x_wconf 80' lang='grc'><strong><em>,</em></strong></span> <span class='ocrx_word' id='word_1_90' title='bbox 202 1303 327 1363; x_wconf 85' lang='lat' dir='ltr'><strong>Femina</strong></span> <span class='ocrx_word' id='word_1_91' title='bbox 341 1301 481 1362; x_wconf 79' lang='lat' dir='ltr'><strong>mendaci</strong></span> <span class='ocrx_word' id='word_1_92' title='bbox 497 1301 613 1360; x_wconf 80' lang='lat' dir='ltr'><strong>falleret</strong></span> <span class='ocrx_word' id='word_1_93' title='bbox 631 1315 684 1360; x_wconf 90' lang='lat' dir='ltr'><strong>ore</strong></span> <span class='ocrx_word' id='word_1_94' title='bbox 699 1318 807 1368; x_wconf 83' lang='lat' dir='ltr'><strong>memn.</strong></span> 
     </span>
    </p>

    <p class='ocr_par' dir='ltr' id='par_1_6' title="bbox 118 1385 843 1462">
     <span class='ocr_line' id='line_1_14' title="bbox 118 1385 843 1462; baseline -0.003 -14"><span class='ocrx_word' id='word_1_95' title='bbox 118 1387 237 1461; x_wconf 73' lang='lat' dir='ltr'><strong>tuipse</strong></span> <span class='ocrx_word' id='word_1_96' title='bbox 252 1403 311 1462; x_wconf 90' lang='lat' dir='ltr'><strong>ego</strong></span> <span class='ocrx_word' id='word_1_97' title='bbox 326 1388 457 1447; x_wconf 88' lang='lat' dir='ltr'><strong>iurarem</strong></span> <span class='ocrx_word' id='word_1_98' title='bbox 472 1399 579 1444; x_wconf 89' lang='lat' dir='ltr'><strong>verum</strong></span> <span class='ocrx_word' id='word_1_99' title='bbox 593 1385 694 1444; x_wconf 90' lang='lat' dir='ltr'><strong>iurare</strong></span> <span class='ocrx_word' id='word_1_100' title='bbox 710 1389 843 1461; x_wconf 88' lang='lat' dir='ltr'><strong>puellas,</strong></span> 
     </span>
    </p>

    <p class='ocr_par' dir='ltr' id='par_1_7' title="bbox 160 1469 882 1628">
     <span class='ocr_line' id='line_1_15' title="bbox 202 1469 882 1532; baseline -0.003 -2"><span class='ocrx_word' id='word_1_101' title='bbox 202 1470 240 1529; x_wconf 85' lang='lat' dir='ltr'><strong>tu</strong></span> <span class='ocrx_word' id='word_1_102' title='bbox 255 1487 316 1530; x_wconf 90' lang='lat' dir='ltr'><strong>non</strong></span> <span class='ocrx_word' id='word_1_103' title='bbox 332 1471 371 1530; x_wconf 88' lang='lat' dir='ltr'><strong>de</strong></span> <span class='ocrx_word' id='word_1_104' title='bbox 385 1471 499 1530; x_wconf 75' lang='lat' dir='ltr'><strong>tetricis</strong></span> <span class='ocrx_word' id='word_1_105' title='bbox 516 1469 634 1527; x_wconf 87' lang='lat' dir='ltr'><strong>dicerer</strong></span> <span class='ocrx_word' id='word_1_106' title='bbox 649 1483 721 1528; x_wconf 90' lang='lat' dir='ltr'><strong>esse</strong></span> <span class='ocrx_word' id='word_1_107' title='bbox 738 1471 825 1532; x_wconf 88' lang='lat' dir='ltr'><strong>deus.</strong></span> <span class='ocrx_word' id='word_1_108' title='bbox 881 1509 882 1514; x_wconf 18' lang='grc' dir='ltr'><strong>κ</strong></span> 
     </span>
     <span class='ocr_line' id='line_1_16' title="bbox 160 1552 870 1628; baseline 0.004 -17"><span class='ocrx_word' id='word_1_109' title='bbox 160 1553 205 1613; x_wconf 93' lang='lat' dir='ltr'><strong>Tu</strong></span> <span class='ocrx_word' id='word_1_110' title='bbox 218 1561 318 1613; x_wconf 89' lang='lat' dir='ltr'><strong>tamen</strong></span> <span class='ocrx_word' id='word_1_111' title='bbox 336 1555 454 1614; x_wconf 91' lang='lat' dir='ltr'><strong>illorum</strong></span> <span class='ocrx_word' id='word_1_112' title='bbox 469 1552 655 1612; x_wconf 77' lang='lat' dir='ltr'><strong>moderatius</strong></span> <span class='ocrx_word' id='word_1_113' title='bbox 671 1561 757 1614; x_wconf 90' lang='lat' dir='ltr'><strong>utere</strong></span> <span class='ocrx_word' id='word_1_114' title='bbox 772 1555 870 1628; x_wconf 89' lang='lat' dir='ltr'><strong>dono,</strong></span> 
     </span>
    </p>

    <p class='ocr_par' dir='ltr' id='par_1_8' title="bbox 202 1637 846 1712">
     <span class='ocr_line' id='line_1_17' title="bbox 202 1637 846 1712; baseline 0.003 -16"><span class='ocrx_word' id='word_1_115' title='bbox 202 1638 265 1696; x_wconf 86' lang='lat' dir='ltr'><strong>Aut</strong></span> <span class='ocrx_word' id='word_1_116' title='bbox 280 1638 377 1698; x_wconf 89' lang='lat' dir='ltr'><strong>oculis</strong></span> <span class='ocrx_word' id='word_1_117' title='bbox 393 1648 474 1698; x_wconf 87' lang='lat' dir='ltr'><strong>certe</strong></span> <span class='ocrx_word' id='word_1_118' title='bbox 490 1650 597 1709; x_wconf 89' lang='lat' dir='ltr'><strong>parce,</strong></span> <span class='ocrx_word' id='word_1_119' title='bbox 618 1637 737 1712; x_wconf 85' lang='lat' dir='ltr'><strong>puella,</strong></span> <span class='ocrx_word' id='word_1_120' title='bbox 760 1640 846 1698; x_wconf 78' lang='lat' dir='ltr'><strong>meis</strong></span> 
     </span>
    </p>
   </div>
   <div class='ocr_carea' id='block_1_3' title="bbox 104 1768 905 1879">
    <p class='ocr_par' dir='ltr' id='par_1_9' title="bbox 104 1768 905 1879">
     <span class='ocr_line' id='line_1_18' title="bbox 104 1768 905 1879; baseline 0.006 -20"><span class='ocrx_word' id='word_1_121' title='bbox 104 1768 133 1859; x_wconf 81' lang='grc'><strong>4</strong></span> <span class='ocrx_word' id='word_1_122' title='bbox 162 1768 250 1864; x_wconf 75' lang='lat' dir='ltr'><strong>Dure</strong></span> <span class='ocrx_word' id='word_1_123' title='bbox 264 1803 326 1876; x_wconf 88' lang='lat' dir='ltr'><strong>vir,</strong></span> <span class='ocrx_word' id='word_1_124' title='bbox 348 1804 483 1878; x_wconf 90' lang='lat' dir='ltr'><strong>inposito</strong></span> <span class='ocrx_word' id='word_1_125' title='bbox 498 1795 624 1866; x_wconf 80' lang='lat' dir='ltr'><strong>tenerae</strong></span> <span class='ocrx_word' id='word_1_126' title='bbox 636 1806 765 1865; x_wconf 91' lang='lat' dir='ltr'><strong>custode</strong></span> <span class='ocrx_word' id='word_1_127' title='bbox 785 1807 905 1879; x_wconf 88' lang='lat' dir='ltr'><strong>puellae</strong></span> 
     </span>
    </p>
   </div>
   <div class='ocr_carea' id='block_1_4' title="bbox 105 1887 1049 3472">
    <p class='ocr_par' dir='ltr' id='par_1_10' title="bbox 105 1887 1049 3472">
     <span class='ocr_line' id='line_1_19' title="bbox 203 1887 925 1966; baseline 0.003 -20"><span class='ocrx_word' id='word_1_128' title='bbox 203 1888 250 1947; x_wconf 88' lang='lat' dir='ltr'><strong>Nil</strong></span> <span class='ocrx_word' id='word_1_129' title='bbox 265 1887 343 1962; x_wconf 84' lang='lat' dir='ltr'><strong>agis.</strong></span> <span class='ocrx_word' id='word_1_130' title='bbox 371 1888 493 1962; x_wconf 86' lang='lat' dir='ltr'><strong>ingenio</strong></span> <span class='ocrx_word' id='word_1_131' title='bbox 509 1897 557 1950; x_wconf 88' lang='lat' dir='ltr'><strong>est</strong></span> <span class='ocrx_word' id='word_1_132' title='bbox 573 1905 714 1966; x_wconf 84' lang='lat' dir='ltr'><strong>quaeque</strong></span> <span class='ocrx_word' id='word_1_133' title='bbox 728 1889 842 1948; x_wconf 90' lang='lat' dir='ltr'><strong>tuenda</strong></span> <span class='ocrx_word' id='word_1_134' title='bbox 857 1905 925 1950; x_wconf 75' lang='lat' dir='ltr'><strong>suo,</strong></span> 
     </span>
     <span class='ocr_line' id='line_1_20' title="bbox 161 1971 1049 2048; baseline 0 -18"><span class='ocrx_word' id='word_1_135' title='bbox 161 1971 256 2046; x_wconf 88' lang='lat' dir='ltr'><strong>Siqua</strong></span> <span class='ocrx_word' id='word_1_136' title='bbox 270 1979 352 2031; x_wconf 90' lang='lat' dir='ltr'><strong>metu</strong></span> <span class='ocrx_word' id='word_1_137' title='bbox 367 1972 490 2048; x_wconf 89' lang='lat' dir='ltr'><strong>dempto</strong></span> <span class='ocrx_word' id='word_1_138' title='bbox 508 1983 592 2034; x_wconf 88' lang='lat' dir='ltr'><strong>casta</strong></span> <span class='ocrx_word' id='word_1_139' title='bbox 608 1982 669 2046; x_wconf 85' lang='lat' dir='ltr'><strong>est,</strong></span> <span class='ocrx_word' id='word_1_140' title='bbox 693 1990 730 2033; x_wconf 87' lang='lat' dir='ltr'><strong>ea</strong></span> <span class='ocrx_word' id='word_1_141' title='bbox 745 1973 877 2046; x_wconf 88' lang='lat' dir='ltr'><strong>denique</strong></span> <span class='ocrx_word' id='word_1_142' title='bbox 892 1981 977 2032; x_wconf 91' lang='lat' dir='ltr'><strong>casta</strong></span> <span class='ocrx_word' id='word_1_143' title='bbox 994 1981 1049 2032; x_wconf 90' lang='lat' dir='ltr'><strong>est.</strong></span> 
     </span>
     <span class='ocr_line' id='line_1_21' title="bbox 204 2055 940 2131; baseline 0 -15"><span class='ocrx_word' id='word_1_144' title='bbox 204 2055 300 2129; x_wconf 81' lang='lat' dir='ltr'><strong>Quae,</strong></span> <span class='ocrx_word' id='word_1_145' title='bbox 320 2056 466 2130; x_wconf 89' lang='lat' dir='ltr'><strong>quianon</strong></span> <span class='ocrx_word' id='word_1_146' title='bbox 481 2059 585 2131; x_wconf 90' lang='lat' dir='ltr'><strong>liceat,</strong></span> <span class='ocrx_word' id='word_1_147' title='bbox 608 2075 668 2117; x_wconf 91' lang='lat' dir='ltr'><strong>non</strong></span> <span class='ocrx_word' id='word_1_148' title='bbox 684 2058 770 2127; x_wconf 86' lang='lat' dir='ltr'><strong>lacit,</strong></span> <span class='ocrx_word' id='word_1_149' title='bbox 793 2057 844 2116; x_wconf 89' lang='lat' dir='ltr'><strong>illa</strong></span> <span class='ocrx_word' id='word_1_150' title='bbox 859 2058 940 2116; x_wconf 87' lang='lat' dir='ltr'><strong>lacit.</strong></span> 
     </span>
     <span class='ocr_line' id='line_1_22' title="bbox 131 2138 995 2217; baseline -0.001 -16"><span class='ocrx_word' id='word_1_151' title='bbox 131 2138 199 2201; x_wconf 77' lang='lat' dir='ltr'><strong>atti</strong></span> <span class='ocrx_word' id='word_1_152' title='bbox 213 2139 271 2198; x_wconf 91' lang='lat' dir='ltr'><strong>iam</strong></span> <span class='ocrx_word' id='word_1_153' title='bbox 287 2140 420 2200; x_wconf 88' lang='lat' dir='ltr'><strong>servaris</strong></span> <span class='ocrx_word' id='word_1_154' title='bbox 434 2139 514 2200; x_wconf 87' lang='lat' dir='ltr'><strong>bene</strong></span> <span class='ocrx_word' id='word_1_155' title='bbox 530 2157 661 2217; x_wconf 89' lang='lat' dir='ltr'><strong>corpus,</strong></span> <span class='ocrx_word' id='word_1_156' title='bbox 685 2141 822 2200; x_wconf 88' lang='lat' dir='ltr'><strong>adultera</strong></span> <span class='ocrx_word' id='word_1_157' title='bbox 833 2157 918 2200; x_wconf 90' lang='lat' dir='ltr'><strong>mens</strong></span> <span class='ocrx_word' id='word_1_158' title='bbox 934 2149 995 2214; x_wconf 88' lang='lat' dir='ltr'><strong>est,</strong></span> 
     </span>
     <span class='ocr_line' id='line_1_23' title="bbox 163 2223 896 2299; baseline 0.001 -18"><span class='ocrx_word' id='word_1_159' title='bbox 163 2225 166 2230; x_wconf 87' lang='lat'>&#39;</span> <span class='ocrx_word' id='word_1_160' title='bbox 200 2223 262 2282; x_wconf 88' lang='lat' dir='ltr'><strong>Nec</strong></span> <span class='ocrx_word' id='word_1_161' title='bbox 277 2224 438 2296; x_wconf 82' lang='lat' dir='ltr'><strong>custodiri,</strong></span> <span class='ocrx_word' id='word_1_162' title='bbox 461 2225 593 2298; x_wconf 71' lang='lat' dir='ltr'><strong>attolit,</strong></span> <span class='ocrx_word' id='word_1_163' title='bbox 617 2227 668 2285; x_wconf 85' lang='lat' dir='ltr'><strong>illa</strong></span> <span class='ocrx_word' id='word_1_164' title='bbox 683 2232 794 2299; x_wconf 89' lang='lat' dir='ltr'><strong>potest.</strong></span> <span class='ocrx_word' id='word_1_165' title='bbox 893 2239 896 2245; x_wconf 88' lang='lat'>·</span> 
     </span>
     <span class='ocr_line' id='line_1_24' title="bbox 157 2305 971 2384; baseline 0.001 -21"><span class='ocrx_word' id='word_1_166' title='bbox 157 2305 220 2364; x_wconf 88' lang='lat' dir='ltr'><strong>Nec</strong></span> <span class='ocrx_word' id='word_1_167' title='bbox 235 2322 347 2381; x_wconf 91' lang='lat' dir='ltr'><strong>corpus</strong></span> <span class='ocrx_word' id='word_1_168' title='bbox 364 2323 489 2368; x_wconf 85' lang='lat' dir='ltr'><strong>servare</strong></span> <span class='ocrx_word' id='word_1_169' title='bbox 505 2317 609 2384; x_wconf 89' lang='lat' dir='ltr'><strong>potes,</strong></span> <span class='ocrx_word' id='word_1_170' title='bbox 632 2309 703 2367; x_wconf 86' lang='lat' dir='ltr'><strong>lieet</strong></span> <span class='ocrx_word' id='word_1_171' title='bbox 718 2308 820 2367; x_wconf 89' lang='lat' dir='ltr'><strong>omnia</strong></span> <span class='ocrx_word' id='word_1_172' title='bbox 835 2308 971 2368; x_wconf 78' lang='lat' dir='ltr'><strong>alaudas.</strong></span> 
     </span>
     <span class='ocr_line' id='line_1_25' title="bbox 202 2389 812 2452; baseline 0.002 -3"><span class='ocrx_word' id='word_1_173' title='bbox 202 2389 347 2450; x_wconf 90' lang='lat' dir='ltr'><strong>Omnibus</strong></span> <span class='ocrx_word' id='word_1_174' title='bbox 362 2393 498 2452; x_wconf 84' lang='lat' dir='ltr'><strong>exclusis</strong></span> <span class='ocrx_word' id='word_1_175' title='bbox 515 2393 594 2452; x_wconf 90' lang='lat' dir='ltr'><strong>intus</strong></span> <span class='ocrx_word' id='word_1_176' title='bbox 611 2393 730 2452; x_wconf 88' lang='lat' dir='ltr'><strong>adulter</strong></span> <span class='ocrx_word' id='word_1_177' title='bbox 746 2391 812 2450; x_wconf 88' lang='lat' dir='ltr'><strong>erit.</strong></span> 
     </span>
     <span class='ocr_line' id='line_1_26' title="bbox 158 2474 962 2551; baseline 0 -18"><span class='ocrx_word' id='word_1_178' title='bbox 158 2474 211 2533; x_wconf 89' lang='lat' dir='ltr'><strong>Cui</strong></span> <span class='ocrx_word' id='word_1_179' title='bbox 227 2485 356 2548; x_wconf 86' lang='lat' dir='ltr'><strong>peccare</strong></span> <span class='ocrx_word' id='word_1_180' title='bbox 370 2476 455 2548; x_wconf 90' lang='lat' dir='ltr'><strong>licet,</strong></span> <span class='ocrx_word' id='word_1_181' title='bbox 479 2485 586 2551; x_wconf 85' lang='lat' dir='ltr'><strong>peccat</strong></span> <span class='ocrx_word' id='word_1_182' title='bbox 600 2477 711 2535; x_wconf 90' lang='lat' dir='ltr'><strong>minus.</strong></span> <span class='ocrx_word' id='word_1_183' title='bbox 741 2477 811 2549; x_wconf 90' lang='lat' dir='ltr'><strong>ipsa</strong></span> <span class='ocrx_word' id='word_1_184' title='bbox 825 2483 962 2550; x_wconf 89' lang='lat' dir='ltr'><strong>potestas</strong></span> 
     </span>
     <span class='ocr_line' id='line_1_27' title="bbox 113 2555 910 2634; baseline -0.003 -16"><span class='ocrx_word' id='word_1_185' title='bbox 113 2567 148 2618; x_wconf 92' lang='lat'><strong>10</strong></span> <span class='ocrx_word' id='word_1_186' title='bbox 204 2555 326 2616; x_wconf 85' lang='lat' dir='ltr'><strong>Semina</strong></span> <span class='ocrx_word' id='word_1_187' title='bbox 341 2559 492 2633; x_wconf 86' lang='lat' dir='ltr'><strong>nequitiae</strong></span> <span class='ocrx_word' id='word_1_188' title='bbox 507 2560 698 2634; x_wconf 82' lang='lat' dir='ltr'><strong>languidiora</strong></span> <span class='ocrx_word' id='word_1_189' title='bbox 713 2560 793 2617; x_wconf 85' lang='lat' dir='ltr'><strong>lucit.</strong></span> <span class='ocrx_word' id='word_1_190' title='bbox 905 2603 910 2608; x_wconf 94' lang='lat'>.</span> 
     </span>
     <span class='ocr_line' id='line_1_28' title="bbox 155 2641 897 2716; baseline -0.004 -16"><span class='ocrx_word' id='word_1_191' title='bbox 155 2641 286 2714; x_wconf 89' lang='lat' dir='ltr'><strong>Desine,</strong></span> <span class='ocrx_word' id='word_1_192' title='bbox 310 2643 401 2702; x_wconf 87' lang='lat' dir='ltr'><strong>erede</strong></span> <span class='ocrx_word' id='word_1_193' title='bbox 415 2644 502 2716; x_wconf 91' lang='lat' dir='ltr'><strong>mibi,</strong></span> <span class='ocrx_word' id='word_1_194' title='bbox 524 2645 597 2704; x_wconf 84' lang='lat' dir='ltr'><strong>vitia</strong></span> <span class='ocrx_word' id='word_1_195' title='bbox 611 2644 734 2702; x_wconf 80' lang='lat' dir='ltr'><strong>inritare</strong></span> <span class='ocrx_word' id='word_1_196' title='bbox 749 2644 897 2702; x_wconf 78' lang='lat' dir='ltr'><strong>vetando:</strong></span> 
     </span>
     <span class='ocr_line' id='line_1_29' title="bbox 199 2725 736 2802; baseline 0.004 -18"><span class='ocrx_word' id='word_1_197' title='bbox 199 2725 355 2800; x_wconf 77' lang='lat' dir='ltr'><strong>Obsequio</strong></span> <span class='ocrx_word' id='word_1_198' title='bbox 370 2727 475 2786; x_wconf 87' lang='lat' dir='ltr'><strong>vinces</strong></span> <span class='ocrx_word' id='word_1_199' title='bbox 492 2730 592 2802; x_wconf 89' lang='lat' dir='ltr'><strong>aptius</strong></span> <span class='ocrx_word' id='word_1_200' title='bbox 608 2729 659 2787; x_wconf 88' lang='lat' dir='ltr'><strong>illa</strong></span> <span class='ocrx_word' id='word_1_201' title='bbox 673 2735 736 2787; x_wconf 88' lang='lat' dir='ltr'><strong>tuo.</strong></span> 
     </span>
     <span class='ocr_line' id='line_1_30' title="bbox 154 2809 1006 2886; baseline 0 -20"><span class='ocrx_word' id='word_1_202' title='bbox 154 2809 226 2867; x_wconf 85' lang='lat' dir='ltr'><strong>Vidi</strong></span> <span class='ocrx_word' id='word_1_203' title='bbox 243 2824 300 2882; x_wconf 87' lang='lat' dir='ltr'><strong>ego</strong></span> <span class='ocrx_word' id='word_1_204' title='bbox 317 2826 415 2885; x_wconf 87' lang='lat' dir='ltr'><strong>nuper</strong></span> <span class='ocrx_word' id='word_1_205' title='bbox 430 2827 543 2886; x_wconf 89' lang='lat' dir='ltr'><strong>equum</strong></span> <span class='ocrx_word' id='word_1_206' title='bbox 561 2819 667 2871; x_wconf 86' lang='lat' dir='ltr'><strong>eontra</strong></span> <span class='ocrx_word' id='word_1_207' title='bbox 685 2827 741 2870; x_wconf 88' lang='lat' dir='ltr'><strong>sua</strong></span> <span class='ocrx_word' id='word_1_208' title='bbox 756 2810 856 2868; x_wconf 84' lang='lat' dir='ltr'><strong>vincla</strong></span> <span class='ocrx_word' id='word_1_209' title='bbox 870 2816 1006 2868; x_wconf 84' lang='lat' dir='ltr'><strong>tenacem</strong></span> 
     </span>
     <span class='ocr_line' id='line_1_31' title="bbox 198 2891 795 2954; baseline -0.003 -4"><span class='ocrx_word' id='word_1_210' title='bbox 198 2891 256 2951; x_wconf 90' lang='lat' dir='ltr'><strong>Ore</strong></span> <span class='ocrx_word' id='word_1_211' title='bbox 271 2894 431 2954; x_wconf 80' lang='lat' dir='ltr'><strong>reluctanti</strong></span> <span class='ocrx_word' id='word_1_212' title='bbox 447 2895 580 2954; x_wconf 85' lang='lat' dir='ltr'><strong>fulminis</strong></span> <span class='ocrx_word' id='word_1_213' title='bbox 594 2895 639 2954; x_wconf 90' lang='lat' dir='ltr'><strong>ire</strong></span> <span class='ocrx_word' id='word_1_214' title='bbox 654 2895 763 2954; x_wconf 89' lang='lat' dir='ltr'><strong>modo:</strong></span> <span class='ocrx_word' id='word_1_215' title='bbox 793 2943 795 2948; x_wconf 90' lang='lat'><em>.</em></span> 
     </span>
     <span class='ocr_line' id='line_1_32' title="bbox 112 2974 976 3052; baseline 0.002 -18"><span class='ocrx_word' id='word_1_216' title='bbox 112 2984 145 3036; x_wconf 81' lang='lat'><strong>15</strong></span> <span class='ocrx_word' id='word_1_217' title='bbox 159 2974 311 3051; x_wconf 87' lang='lat' dir='ltr'><strong>Constitit,</strong></span> <span class='ocrx_word' id='word_1_218' title='bbox 333 2985 366 3037; x_wconf 91' lang='lat' dir='ltr'><strong>ut</strong></span> <span class='ocrx_word' id='word_1_219' title='bbox 383 2979 509 3052; x_wconf 92' lang='lat' dir='ltr'><strong>primum</strong></span> <span class='ocrx_word' id='word_1_220' title='bbox 527 2995 694 3038; x_wconf 88' lang='lat' dir='ltr'><strong>concessas</strong></span> <span class='ocrx_word' id='word_1_221' title='bbox 714 2978 811 3038; x_wconf 89' lang='lat' dir='ltr'><strong>sensit</strong></span> <span class='ocrx_word' id='word_1_222' title='bbox 823 2976 976 3050; x_wconf 81' lang='lat' dir='ltr'><strong>habenas,</strong></span> 
     </span>
     <span class='ocr_line' id='line_1_33' title="bbox 194 3059 813 3136; baseline -0.002 -18"><span class='ocrx_word' id='word_1_223' title='bbox 194 3059 354 3136; x_wconf 83' lang='lat' dir='ltr'><strong>Frenaque</strong></span> <span class='ocrx_word' id='word_1_224' title='bbox 369 3063 398 3120; x_wconf 91' lang='lat' dir='ltr'><strong>in</strong></span> <span class='ocrx_word' id='word_1_225' title='bbox 418 3061 517 3122; x_wconf 86' lang='lat' dir='ltr'><strong>ellusa</strong></span> <span class='ocrx_word' id='word_1_226' title='bbox 531 3064 602 3122; x_wconf 85' lang='lat' dir='ltr'><strong>laxa</strong></span> <span class='ocrx_word' id='word_1_227' title='bbox 616 3064 718 3122; x_wconf 90' lang='lat' dir='ltr'><strong>iacere</strong></span> <span class='ocrx_word' id='word_1_228' title='bbox 732 3061 813 3122; x_wconf 89' lang='lat' dir='ltr'><strong>iuba.</strong></span> 
     </span>
     <span class='ocr_line' id='line_1_34' title="bbox 152 3142 976 3222; baseline -0.001 -22"><span class='ocrx_word' id='word_1_229' title='bbox 152 3142 278 3202; x_wconf 88' lang='lat' dir='ltr'><strong>Nitimur</strong></span> <span class='ocrx_word' id='word_1_230' title='bbox 292 3147 322 3204; x_wconf 92' lang='lat' dir='ltr'><strong>in</strong></span> <span class='ocrx_word' id='word_1_231' title='bbox 339 3146 463 3205; x_wconf 84' lang='lat' dir='ltr'><strong>vetitum</strong></span> <span class='ocrx_word' id='word_1_232' title='bbox 479 3161 616 3222; x_wconf 85' lang='lat' dir='ltr'><strong>semper,</strong></span> <span class='ocrx_word' id='word_1_233' title='bbox 640 3147 842 3222; x_wconf 87' lang='lat' dir='ltr'><strong>cupimusque</strong></span> <span class='ocrx_word' id='word_1_234' title='bbox 857 3151 976 3217; x_wconf 85' lang='lat' dir='ltr'><strong>negata.</strong></span> 
     </span>
     <span class='ocr_line' id='line_1_35' title="bbox 196 3225 802 3305; baseline 0.002 -19"><span class='ocrx_word' id='word_1_235' title='bbox 196 3225 245 3286; x_wconf 90' lang='lat' dir='ltr'><strong>Sic</strong></span> <span class='ocrx_word' id='word_1_236' title='bbox 261 3229 428 3289; x_wconf 89' lang='lat' dir='ltr'><strong>interdictis</strong></span> <span class='ocrx_word' id='word_1_237' title='bbox 445 3231 579 3289; x_wconf 91' lang='lat' dir='ltr'><strong>imminet</strong></span> <span class='ocrx_word' id='word_1_238' title='bbox 596 3247 688 3304; x_wconf 80' lang='lat' dir='ltr'><strong>aeger</strong></span> <span class='ocrx_word' id='word_1_239' title='bbox 702 3231 802 3305; x_wconf 91' lang='lat' dir='ltr'><strong>aquis.</strong></span> 
     </span>
     <span class='ocr_line' id='line_1_36' title="bbox 154 3309 951 3386; baseline 0 -18"><span class='ocrx_word' id='word_1_240' title='bbox 154 3309 279 3370; x_wconf 87' lang='lat' dir='ltr'><strong>Centum</strong></span> <span class='ocrx_word' id='word_1_241' title='bbox 295 3314 394 3372; x_wconf 85' lang='lat' dir='ltr'><strong>fronte</strong></span> <span class='ocrx_word' id='word_1_242' title='bbox 409 3314 532 3386; x_wconf 87' lang='lat' dir='ltr'><strong>oculos,</strong></span> <span class='ocrx_word' id='word_1_243' title='bbox 555 3321 675 3374; x_wconf 87' lang='lat' dir='ltr'><strong>centum</strong></span> <span class='ocrx_word' id='word_1_244' title='bbox 691 3313 811 3372; x_wconf 87' lang='lat' dir='ltr'><strong>cervice</strong></span> <span class='ocrx_word' id='word_1_245' title='bbox 826 3309 951 3384; x_wconf 79' lang='lat' dir='ltr'><strong>gerebat</strong></span> 
     </span>
     <span class='ocr_line' id='line_1_37' title="bbox 105 3395 884 3472; baseline 0 -20"><span class='ocrx_word' id='word_1_246' title='bbox 105 3403 143 3453; x_wconf 64' lang='grc' dir='ltr'><strong>ιο</strong></span> <span class='ocrx_word' id='word_1_247' title='bbox 197 3395 308 3468; x_wconf 87' lang='lat' dir='ltr'><strong>Argus.</strong></span> <span class='ocrx_word' id='word_1_248' title='bbox 338 3397 440 3458; x_wconf 89' lang='lat' dir='ltr'><strong>ethos</strong></span> <span class='ocrx_word' id='word_1_249' title='bbox 455 3413 534 3456; x_wconf 90' lang='lat' dir='ltr'><strong>unus</strong></span> <span class='ocrx_word' id='word_1_250' title='bbox 549 3413 645 3472; x_wconf 87' lang='lat' dir='ltr'><strong>saepe</strong></span> <span class='ocrx_word' id='word_1_251' title='bbox 660 3397 766 3456; x_wconf 87' lang='lat' dir='ltr'><strong>lelellit</strong></span> <span class='ocrx_word' id='word_1_252' title='bbox 779 3397 884 3454; x_wconf 86' lang='lat' dir='ltr'><strong>Amor.</strong></span> 
     </span>
    </p>
   </div>
   <div class='ocr_carea' id='block_1_5' title="bbox 107 3477 920 3621">
    <p class='ocr_par' dir='ltr' id='par_1_11' title="bbox 107 3477 920 3621">
     <span class='ocr_line' id='line_1_38' title="bbox 149 3477 911 3618; baseline 0.003 -84"><span class='ocrx_word' id='word_1_253' title='bbox 149 3477 181 3534; x_wconf 92' lang='lat' dir='ltr'><strong>ln</strong></span> <span class='ocrx_word' id='word_1_254' title='bbox 198 3477 361 3618; x_wconf 52' lang='lat' dir='ltr'><strong>ibalamum</strong></span> <span class='ocrx_word' id='word_1_255' title='bbox 374 3480 480 3570; x_wconf 77' lang='lat' dir='ltr'><strong>Danae</strong></span> <span class='ocrx_word' id='word_1_256' title='bbox 495 3481 575 3540; x_wconf 83' lang='lat' dir='ltr'><strong>ferro</strong></span> <span class='ocrx_word' id='word_1_257' title='bbox 592 3495 732 3554; x_wconf 85' lang='lat' dir='ltr'><strong>saxoque</strong></span> <span class='ocrx_word' id='word_1_258' title='bbox 747 3495 911 3554; x_wconf 85' lang='lat' dir='ltr'><strong>perennem</strong></span> 
     </span>
     <span class='ocr_line' id='line_1_39' title="bbox 107 3569 920 3621; baseline 0.005 -4"><span class='ocrx_word' id='word_1_259' title='bbox 107 3575 190 3618; x_wconf 82' lang='lat' dir='ltr'><strong>ovro.</strong></span> <span class='ocrx_word' id='word_1_260' title='bbox 227 3607 234 3619; x_wconf 91' lang='lat'><strong>.</strong></span> <span class='ocrx_word' id='word_1_261' title='bbox 902 3569 920 3621; x_wconf 80' lang='lat'>4</span> 
     </span>
    </p>
   </div>
   <div class='ocr_carea' id='block_1_6' title="bbox 0 0 1240 4010">
    <p class='ocr_par' dir='ltr' id='par_1_12' title="bbox 0 0 1240 4010">
     <span class='ocr_line' id='line_1_40' title="bbox 0 0 1240 4010; baseline 0 0"><span class='ocrx_word' id='word_1_262' title='bbox 0 0 1240 4010; x_wconf 95' lang='lat' dir='ltr'><strong> </strong></span> 
     </span>
    </p>
   </div>
  </div>
 </body>
</html>
