2472 4010
168 221 212 312 tr
574 216 788 278 auorum

503 419 628 484 arran
655 399 845 484 nannius.

10 563 11 568 ¹
196 504 217 596 1
251 499 322 597 Stat
336 543 427 596 vetus
442 543 472 594 et
486 536 596 594 multos
612 535 762 594 incaedua
776 534 854 592 silva
872 537 927 608 per
941 550 1054 596 annosa
1092 575 1093 580 η

106 615 109 620 ’
292 620 443 682 Credibile
458 626 505 679 est
521 620 562 678 illi
579 633 692 677 numen
708 617 813 678 inesse
828 617 930 676 loco·
1060 672 1062 676 .

251 705 333 764 Fons
350 715 438 764 sacer
453 704 483 762 in
498 702 599 760 medio
616 703 824 775 speluncaque
840 700 961 775 pumice
976 703 1127 780 pendens,
1153 709 1155 713 “

290 789 328 847 Et
341 789 434 846 latere
450 785 586 860 exomni
602 785 691 844 dulce
707 791 873 858 queruntur
886 799 971 844 aves,

219 872 304 931 5Hie
319 886 376 944 ego
395 869 467 929 dum
483 867 600 944 spatior
614 875 712 938 tectus
727 866 934 927 nemoralibus
949 869 1078 944 umbris,

263 955 273 960 “’
290 953 379 1027 Quod
393 968 475 1025 mea,
500 952 700 1026 quaerebam,
725 962 813 1010 musa
828 959 966 1012 moveret
980 969 1070 1028 opus,

245 1036 337 1097 Venit
351 1037 502 1097 odoratos·
511 1035 636 1108 Elegeia
650 1048 731 1094 nexa
746 1035 889 1109 capillos,

286 1122 336 1193 Et,
361 1128 449 1194 puto,
473 1135 529 1193 pes
545 1118 587 1177 illi
602 1115 722 1192 longior
737 1119 812 1177 alter
826 1124 900 1178 erat.

244 1203 355 1264 Forma
370 1205 499 1274 decens,
523 1203 620 1261 vestis
635 1202 827 1273 tenuissima,
849 1203 951 1262 vultus
967 1202 1110 1278 emantiS,

209 1300 237 1348 ,ο
287 1288 325 1346 Et
338 1287 469 1362 pedibus
484 1285 589 1345 vitium
604 1285 835 1355 causadecoris
851 1293 924 1344 erat.

244 1372 335 1431 Venit
350 1378 380 1429 et
395 1371 509 1444 ingenti
523 1370 657 1428 violenta
670 1369 842 1442 Tragoedia
854 1385 969 1443 passu:
994 1427 998 1436 ,

284 1455 396 1514 Fronte
413 1467 519 1528 comae
531 1458 636 1526 torva,
659 1453 741 1527 palla
754 1453 874 1513 iacebat
886 1453 982 1512 hunni:

136 1549 144 1567 ²
241 1539 344 1598 Laeva
357 1553 467 1596 ¹manus
484 1544 638 1610 sceptrum
653 1537 1010 1610 lateregale-movebat,

235 1659 246 1682 ,-
285 1621 404 1698 Lydius
420 1622 480 1680 alta
496 1621 609 1694 pedum
627 1620 726 1678 vinela
742 1619 908 1680 cothurnus
924 1627 1002 1679 erat:

201 1714 233 1765 15
244 1705 281 1764 Et
295 1705 380 1780 prior
393 1705 513 1778 ‘eequis
528 1705 596 1762 erit'
612 1703 688 1763 dixit
702 1702 767 1762 <titi
782 1703 853 1762 finis
869 1703 1005 1777 amandi,

285 1787 308 1847 0
323 1788 490 1862 argumenti
507 1789 588 1847 lente
603 1785 784 1861 poeta-:tutt-

240 1873 412 1946 Nequitiam
427 1871 538 1950 viuosa
552 1879 635 1931 tuam
651 1870 794 1930 convivia
808 1877 946 1942 narrant,

283 1956 411 2015 Narrant
426 1955 456 2013 in
472 1956 581 2014 multas
597 1953 731 2028 compita
745 1960 830 2014 secta
844 1954 920 2013 vias.

244 2039 349 2113 Saepe*
361 2039 471 2114 aliquis
492 2039 586 2112 digito
601 2045 702 2097 vatem
717 2037 860 2112 designat
874 2044 1008 2112 euntem,
1079 2099 1082 2105 ,

196 2131 231 2182 20
284 2125 385 2197 ratque
403 2123 444 2182 ait
459 2122 550 2193 “hie,
573 2121 623 2191 hie
638 2127 699 2194 est,
723 2135 814 2195 quem
828 2121 911 2180 ierus
926 2123 985 2181 urit
998 2124 1132 2184 Amor.”
1224 2129 1225 2138 ’

238 2204 371 2265 Fabula..
392 2221 449 2265 nec
464 2205 582 2265 sentis..
596 2211 661 2264 tota
674 2204 796 2264 iactaris
811 2205 840 2264 in
855 2204 954 2277 Urbe,

281 2291 357 2348 Dum
373 2297 425 2349 tua
442 2289 604 2363 praeterito
619 2289 698 2348 iacta
714 2288 832 2362 pudore
846 2289 953 2348 retem.

213 2420 216 2426 .
236 2372 369 2447 Tempus
384 2380 448 2432 erat
462 2372 569 2450 thyrso
587 2375 708 2448 pulsum
724 2373 865 2446 graviore
880 2374 1005 2432 moveri.

278 2455 437 2515 Cessatum
452 2457 526 2515 satis
542 2463 599 2515 est.
629 2456 731 2530 incipe
746 2456 843 2515 maius
859 2471 949 2530 opus.
1005 2491 1008 2496 ι

194 2547 228 2598 25
238 2539 365 2598 llllateria
381 2541 493 2614 premis
508 2539 672 2613 ingenium.
702 2555 778 2598 eane
794 2541 873 2598 laeta
888 2539 1038 2601 virorum=

278 2623 387 2681 “Haeo
403 2623 529 2684 animo''
540 2623 633 2700 dices
648 2627 747 2682 “area
762 2623 842 2682 laeta
856 2637 925 2683 meo
941 2627 1024 2682 est.”
1088 2683 1091 2690 Δ

236 2706 324 2780 Quod
339 2712 462 2766 tenerae
478 2712 614 2780 cantent,
637 2707 709 2769 lusit
722 2713 776 2765 tua
792 2721 894 2777 musa,
916 2707 1051 2780 puellae,

276 2789 437 2864 Primaque
454 2807 508 2864 per
523 2805 668 2849 numeros
684 2797 752 2850 aeta
767 2789 891 2849 iuventa
907 2805 997 2850 sitos:
1086 2831 1093 2842 .

233 2873 318 2932 Nune
332 2874 462 2932 habeam
478 2889 533 2948 per
548 2881 578 2932 te
591 2874 731 2934 Romana
745 2872 920 2946 Tragoedia
933 2887 1055 2932 nomen.

191 2965 226 3018 30
279 2957 419 3032 Implebit
433 2959 517 3032 leges
534 2957 622 3031 spirit
622 2973 660 3016 us
610 2957 733 3016 tiste
748 2960 856 3032 meas?

231 3039 447 3099 Hactenus.e
447 3041 567 3100 tmovit
585 3041 673 3116 pictis
689 3041 794 3100 innixa
809 3038 966 3100 cothurnis

247 3103 409 3185 Densum
425 3123 562 3182 caesarie
577 3131 685 3198 terque
701 3131 872 3198 quaterque
887 3129 988 3197 caput

230 3207 348 3276 Altera,
372 3207 398 3265 si
413 3207 549 3277 memini,
570 3207 649 3266 limis
666 3207 792 3266 subrisit
808 3207 926 3268 ocellis

271 3288 386 3362 Fauor,
409 3306 446 3348 an
463 3291 492 3347 in
509 3290 616 3349 dextra
636 3297 756 3367 myrtea
771 3291 856 3364 virga
872 3289 948 3349 luite

187 3380 221 3432 35
234 3371 325 3443 ‘Quid
340 3373 485 3445 gravibus
500 3372 620 3444 verbiS,
642 3373 783 3432 animosa
797 3370 991 3446 Tragoedia
1014 3361 1093 3432 dixit

273 3453 334 3525 ‘Me
348 3455 485 3527 premis?
506 3471 726 3528 ennumquam
741 3471 804 3516 non
819 3456 923 3530 gravis
939 3471 1011 3514 esse
1026 3460 1151 3530 potest
