2498 4008
483 237 697 335 ''no-524.
807 355 808 358 Ν
1046 263 1111 328 ara

172 419 314 503 Quaeris,
335 423 388 484 ubi
403 410 563 482 invenias?
584 429 680 496 artes,
702 421 727 493 i,
746 421 873 495 perlege
887 422 1023 477 nostras:
1035 432 1044 498 ss

211 509 304 570 Plena
317 506 486 582 puellarum
502 505 562 564 iam
575 504 629 564 tibi
644 503 811 578 navisnerit.

173 592 260 669 Quod
279 590 381 665 siquid
394 595 559 665 praccepta
573 589 675 648 valent
688 583 771 662 mea,
794 585 896 662 siquid
910 582 1025 660 Apollo

16 685 18 730 l
107 684 160 741 too
212 674 292 736 Utile
306 673 447 734 mortales
465 671 612 746 perdocet
627 687 679 731 ore
693 685 771 743 meo,

174 758 318 834 Quamvis
331 755 436 816 inlelix
450 754 550 814 media
565 752 729 814 torreberis
744 754 852 826 Aetna,
868 795 873 810 .

214 840 363 914 Frigidior
376 838 474 914 glacie
489 839 537 897 lac
552 838 678 898 videare
692 844 776 896 tuae:

171 925 209 984 El
223 937 330 984 sanum
346 923 469 996 simula,
492 937 545 995 ne,
569 921 672 996 siquid
689 921 766 981 forte
781 919 908 991 dolebis,

216 1005 340 1068 Sentiat.
363 1013 393 1065 et
405 1005 487 1078 ride,
509 1021 578 1064 cum
591 1005 644 1064 tibi
659 1002 781 1064 flendus
796 1003 867 1062 eris.

108 1099 160 1154 405
171 1091 238 1149 Non
254 1105 311 1165 ego
326 1096 355 1148 te
368 1088 458 1148 iubeo
474 1087 590 1146 medias
607 1087 789 1161 abrumpere
804 1100 909 1145 curas=
944 1101 946 1106 ·

214 1171 281 1231 Non
297 1178 368 1232 sunt
383 1169 502 1244 imperii
517 1177 578 1229 tam
593 1171 658 1228 iera
673 1171 759 1228 iussa
773 1168 842 1226 mei.

173 1253 261 1326 Quod
275 1269 336 1312 non
351 1267 400 1324 es,
423 1252 546 1324 simula,
570 1251 752 1325 positosque
769 1249 1033 1308 imitarelurores=

216 1334 267 1394 Sic
283 1335 377 1394 iacies
392 1347 483 1405 vere,
504 1335 588 1406 quod
602 1333 764 1392 meditatus
778 1331 850 1392 eris.
902 1377 904 1382 ,

176 1416 277 1492 Saepe
292 1431 366 1491 ego,
388 1431 428 1474 ne
440 1413 591 1488 biberem,
608 1415 692 1475 volui
708 1414 840 1474 dormire
853 1414 965 1474 videri:

16 1479 17 1482 Ἴ
108 1512 162 1566 500
213 1501 291 1560 Dum
304 1498 427 1572 videor,
451 1513 559 1558 somno
573 1498 687 1557 lumina
700 1499 781 1557 victa
796 1497 876 1559 dedi.

173 1584 340 1658 Deceptum
353 1581 420 1654 risi,
442 1581 494 1654 qui
510 1597 544 1640 se
562 1582 724 1641 simulabat
738 1597 850 1654 amare,

215 1667 250 1725 ln
265 1668 393 1740 laqueos
410 1678 524 1736 auceps
544 1664 761 1738 decideratque
778 1679 863 1725 suos.

172 1750 266 1808 Intrat
280 1761 366 1806 amor
380 1751 497 1804 mentes
512 1761 580 1806 usu.
603 1747 770 1810 dediscitur
784 1763 853 1808 usu.

216 1830 272 1905 oui
288 1829 397 1906 poterit
415 1843 523 1889 sanum
538 1829 669 1904 fingere,
692 1846 786 1891 sanus
802 1830 867 1890 erit.

16 1895 18 1906 ’
111 1913 305 1989 sosllixerit,
328 1920 363 1973 ut
375 1911 482 1972 venias
497 1920 587 1987 pacta
602 1911 654 1972 tibi
664 1919 768 1972 nocte.
790 1913 904 1979 venito.

217 1997 365 2070 Veneris,
387 2003 417 2056 et
430 1996 520 2056 luerit
533 1997 624 2056 ianua
639 1996 753 2056 clausa.
774 1997 866 2056 feres.
966 1989 971 2012 '

175 2082 238 2140 Nec
253 2079 303 2140 dic
317 2079 495 2151 blanditiae,
519 2095 576 2140 nec
590 2080 639 2141 lac
653 2079 793 2139 convicia
807 2077 898 2154 posti,
931 2152 932 2155 Ἴ
1026 2141 1028 2147 ,

213 2163 277 2222 Ν55
290 2165 369 2223 latus
383 2164 415 2221 in
431 2163 507 2222 duro
523 2163 624 2222 limine
639 2170 828 2238 poncinum.

173 2246 300 2305 Postera
314 2247 366 2306 lux
380 2245 491 2319 aderit,
516 2253 640 2306 careant
653 2254 706 2307 tua
718 2245 814 2306 verba
831 2244 985 2330 querellis,

109 2339 162 2392 510
212 2328 250 2387 Et
263 2329 346 2388 nulla
360 2329 390 2386 iu
405 2329 489 2387 vultu
504 2329 593 2404 signa
607 2329 738 2390 dolentis
752 2328 842 2388 habe.

175 2413 238 2472 lam
253 2418 345 2486 ponet
359 2411 473 2484 fastus,
495 2427 563 2471 cum
577 2420 608 2472 te
622 2415 766 2488 languere
782 2411 909 2472 videbit=

205 2495 284 2554 -Hoc
299 2494 389 2555 etiam
403 2501 508 2554 nostra
523 2511 633 2555 munus
648 2495 685 2554 ab
702 2503 766 2555 arte
780 2495 871 2554 teres.

175 2579 217 2636 Te
233 2593 357 2653 quoque
372 2579 442 2639 salle
456 2585 571 2652 tamen,
594 2593 651 2638 nec
667 2580 705 2638 sit
718 2577 771 2638 tibi
786 2579 857 2638 finis
871 2577 993 2638 amandi

217 2661 407 2736 Propositus.
430 2662 524 2722 irenis
541 2677 635 2736 saepe
648 2669 798 2736 repugnat
814 2677 922 2736 equus.

114 2753 164 2807 515
175 2743 294 2805 Utilitas
310 2747 416 2818 lateat,
437 2746 521 2819 quod
534 2761 595 2805 non
610 2745 808 2820 profitebere,
830 2745 896 2805 fiete
917 2752 919 2756 ’

219 2827 302 2900 Quae
319 2829 407 2887 nimis
423 2836 571 2903 apparent
586 2830 675 2902 retia,
697 2827 772 2888 vitat
785 2829 864 2888 avis.

174 2909 219 2968 Ne
233 2911 287 2970 tibi
301 2919 362 2970 tam
376 2912 510 2986 placeat,
532 2928 611 2988 quae
626 2919 656 2972 te
671 2919 865 2972 contemnere
884 2911 992 2986 possit,

218 2991 311 3052 Sume
325 2994 491 3068 animos,...
512 2996 619 3055 animis
636 2996 724 3056 cedat
737 3001 770 3054 ut
784 2995 834 3054 illa
846 2995 916 3055 tuis.

176 3075 269 3136 lanua
283 3077 361 3137 forte
375 3083 480 3152 patera
501 3080 640 3153 quamvis
658 3079 858 3152 revocabere,
880 3077 985 3138 transi.

110 3165 164 3222 500
215 3157 270 3220 Est
285 3160 356 3220 data
369 3167 454 3221 noxi
475 3161 580 3222 dubita
594 3169 684 3222 nocte
698 3163 803 3221 venire
818 3162 899 3223 data.

174 3241 273 3303 Posse
287 3243 351 3318 pati
366 3244 454 3303 lacile
469 3253 530 3318 est,
551 3244 619 3318 ubi,
639 3246 670 3304 ni
686 3244 836 3320 sapientia
851 3243 938 3316 desit,

217 3325 358 3387 Protinus
373 3342 413 3386 ex
428 3327 509 3386 lacili
523 3328 636 3402 gaudia
651 3329 730 3388 serre
743 3329 824 3387 lieet.

174 3409 212 3469 Et
227 3411 390 3487 quisquam
404 3418 569 3486 praecepta
582 3418 685 3487 potest
695 3426 765 3470 mea
779 3410 856 3472 dura
870 3415 1003 3470 vocaret
1022 3457 1026 3466 ,

216 3492 278 3567 En,
303 3493 392 3555 etiam
407 3501 510 3568 partes
525 3493 713 3556 conciliantis
729 3509 799 3568 ago.
932 3573 947 3611 *
