2498 4008
500 269 541 342 ll,
563 265 605 328 50
617 301 654 312 -
669 265 739 329 127.
1074 268 1134 332 191

151 433 188 484 90
238 423 276 482 Et
290 420 436 494 trepidat,
459 434 516 478 uec
532 434 592 492 quo
609 419 808 490 sustineatur,
831 419 933 478 habet.

195 505 322 584 Decidit,
347 510 439 577 alque
455 503 569 561 cadens
585 505 693 574 ‘pater
711 519 728 562 o
745 511 840 576 pater,
859 503 1008 561 aulerort'
1028 503 1138 580 inquit,

238 587 419 646 Clauserunt
433 585 547 644 virides
564 600 617 643 ora
633 586 786 658 loquentis
802 601 910 659 aquae.

193 671 235 730 ht
251 677 337 745 pater
352 669 471 742 infelix,
495 684 551 727 nec
567 668 625 726 iam
642 677 741 743 pater,
764 671 860 727 ε11111
869 673 888 724 1’
912 671 1029 740 clamat,

238 751 363 826 ε’111113
387 753 496 812 clamat
510 751 574 810 ‘ubi
590 767 648 824 es,
665 767 766 826 quove
782 753 838 812 sub
854 767 912 810 axe
927 755 1049 812 volast’

151 846 186 900 95
199 839 309 896 ‘Icare’
326 834 488 910 clamabat,
512 836 621 909 pinnas
639 835 759 911 aspexit
773 836 803 894 in
818 835 919 894 undis.

239 919 317 980 Ossa
332 920 404 993 tegit
420 920 517 978 tellus.
541 933 677 993 aequora
691 935 802 978 nomen
819 917 939 977 habent.

193 1004 260 1063 Non
279 1004 374 1077 potuit
388 1002 488 1062 Minos
504 1002 635 1061 hominis
651 1017 839 1077 conpescere
856 1001 975 1075 pinnas.

238 1087 309 1159 lpse
324 1086 414 1145 deum
431 1087 587 1146 volucrem
603 1086 771 1144 detinuisse
787 1100 872 1158 paro.

193 1169 331 1239 Fallitur,
354 1168 539 1226 Haemonias
556 1168 653 1240 siquis
670 1167 802 1226 decurrit
816 1166 855 1226 ad
873 1175 963 1240 artes,

130 1263 182 1313 too
234 1252 368 1324 Datqoe',
393 1251 476 1324 quod
492 1265 509 1308 a
523 1249 618 1308 teneri
634 1251 732 1308 ironte
746 1249 865 1309 revellit
881 1248 961 1322 equi.

193 1333 258 1393 Non
276 1333 401 1406 facient,
423 1340 456 1394 ut
471 1333 552 1392 vivat
568 1349 666 1406 amor,
690 1332 849 1392 llledeides
865 1331 979 1390 herbae

235 1417 392 1491 Mixtaque
407 1433 475 1476 cum
490 1417 617 1492 magicis
632 1418 742 1475 naenia
756 1416 859 1476 Marsa
877 1414 973 1474 sonis.

193 1499 322 1560 Phasias
337 1501 531 1574 Aesoniden,
557 1500 642 1560 Circe
655 1501 805 1559 tenuisset
819 1499 948 1574 Ulixem,

237 1583 267 1643 Si
284 1583 376 1643 modo
393 1584 509 1642 servari
525 1585 657 1642 carmine
673 1592 780 1658 posset
795 1599 889 1642 amor.

129 1677 180 1729 105
192 1667 254 1725 Nec
270 1667 339 1725 data
353 1667 523 1740 proluerint
539 1668 681 1739 pallentia
696 1667 805 1742 philtra
822 1667 944 1742 puellis:

236 1749 346 1809 Philtra
362 1755 473 1809 nocent
489 1749 611 1820 animis,
635 1750 757 1823 vimque
774 1751 885 1810 luroris
901 1747 1023 1807 habent.

195 1832 240 1892 Sil
258 1834 363 1908 procul
381 1847 469 1892 omne
484 1833 581 1890 nefas.
618 1831 656 1890 Ut
671 1833 797 1902 ameris,
821 1831 959 1891 amabilis
975 1837 1062 1892 esto:

237 1916 322 1990 Quod
341 1915 392 1976 tibi
409 1931 469 1974 nou
485 1915 579 1974 iacies
596 1917 701 1973 solave
716 1916 813 1974 lorma
830 1915 922 1986 dabit,
982 1931 990 1947 ·

194 1998 239 2059 Sit
254 1999 324 2059 licet
338 2001 463 2073 antiquo
478 1999 587 2058 Nireus
603 2000 761 2058 adamatus
778 1997 921 2068 Homero,

128 2093 180 2145 110
233 2083 444 2158 Naiadumque
459 2089 545 2141 tener
559 2078 683 2140 crimine
696 2089 803 2157 raptus
818 2081 925 2158 Hylas.

192 2167 231 2226 Ut
245 2167 398 2225 dominam
415 2172 535 2237 teneas,
559 2181 615 2224 nec
630 2173 659 2224 te
674 2167 781 2224 mirere
795 2165 942 2238 relictum,

234 2249 350 2322 Ingenii
365 2250 454 2308 dotes
471 2249 610 2324 corporis
627 2247 707 2308 adde
717 2250 823 2308 bonis.

191 2333 302 2393 Forma
312 2327 427 2392 bonum
441 2333 547 2406 fragile
557 2339 612 2392 est.
634 2329 1130 2408 quantumqueacceditadannos,

231 2416 279 2477 Fit
293 2416 404 2487 minor,
428 2423 458 2475 et
473 2417 572 2490 spatio
589 2417 720 2489 carpitur
734 2417 804 2490 ipsa
818 2430 884 2475 suo.
941 2458 946 2468 .

127 2509 178 2561 115
190 2499 252 2557 Nec
267 2500 367 2559 violae
383 2515 546 2574 semperve
560 2499 757 2578 hyacinthina
771 2499 833 2558 lilia
848 2497 966 2570 llorent,

233 2582 270 2641 Et
284 2583 362 2656 riget
375 2583 489 2642 amissa
504 2583 593 2658 spina
607 2584 711 2642 relicta
726 2598 809 2642 rosa.

190 2665 228 2724 Et
243 2665 294 2725 tibi
310 2665 368 2725 iam
383 2667 506 2726 venient
521 2668 603 2739 cani,
626 2668 796 2738 lormonsc,
818 2664 927 2739 capilli,

234 2748 297 2808 lam
314 2749 434 2810 venient
448 2766 558 2824 rugae,
583 2765 662 2824 quae
677 2748 729 2808 tibi
747 2765 859 2823 corpus
876 2753 970 2809 arent.

190 2832 254 2890 lam
269 2833 376 2893 molire
392 2835 538 2904 animum,
561 2835 617 2907 qui
632 2833 733 2906 duret,
757 2839 787 2891 et
801 2832 924 2890 adstrue
938 2830 1073 2890 formae:

129 2925 179 2977 110
233 2915 324 2976 Solus
341 2918 379 2976 ad
396 2923 548 2978 extremos
565 2923 721 2992 permanet
736 2916 785 2975 ille
799 2930 903 2989 rogos.

191 2999 252 3059 Nec
268 2999 344 3060 levis
358 3001 507 3075 ingenuas
524 3007 630 3077 pectus
647 3000 781 3059 coluisse
795 3014 850 3074 per
865 3003 945 3058 artes

234 3083 311 3143 Cura
329 3084 411 3144 silet
426 3085 546 3159 linguas
561 3083 726 3143 edidicisse
741 3084 827 3142 duas.

81 3185 82 3188 ¹
191 3167 257 3227 Non
272 3168 446 3228 formonsus
463 3175 541 3238 erat,
565 3168 621 3226 sed
638 3174 702 3227 erat
719 3167 869 3226 facundus
885 3166 1001 3239 Ulixes,

231 3251 270 3311 Et
283 3257 382 3311 lamen
399 3267 569 3326 aequoreas
584 3252 671 3310 torsit
686 3265 790 3310 amore
805 3251 890 3309 deas.

127 3332 212 3396 1250
229 3336 370 3410 quotiens
385 3334 467 3396 illum
484 3335 579 3396 doluit
594 3349 760 3410 properare
777 3333 920 3408 Calypso,

232 3419 434 3495 Remigioque
449 3427 536 3495 aptas
552 3433 624 3478 esse
637 3417 760 3492 negavit
774 3421 885 3489 aquas!

188 3503 272 3565 Haec
287 3503 395 3564 Troiae
411 3520 502 3564 casus
517 3503 686 3577 iterumque
702 3501 872 3573 iterumque
886 3495 1014 3571 rogabat
1020 3515 1030 3580 ,²
