2498 4008
482 257 520 312 V.
543 253 719 316 31-100.
978 255 983 264 '
1059 249 1115 315 lot

181 411 243 468 Nec
258 417 291 467 tu
307 409 453 482 pallentes
470 406 574 466 dubita
587 414 703 464 torrere
717 409 850 482 lupinos,

137 501 176 556 70
226 493 264 550 Et
279 492 367 550 simul
383 490 524 548 inflantes
544 504 675 563 corpora
690 489 765 564 frige
780 492 878 552 lebas.
941 504 943 508 ·

182 577 318 650 Utraque
333 589 390 633 sex
403 571 537 631 habeant
550 587 649 646 aequo
666 572 841 632 discrimine
856 573 959 644 librae,

224 661 360 731 Utraque
378 658 418 715 da
433 656 527 730 nigris
544 652 779 715 comminuenda
792 656 891 715 molis.

182 743 244 802 Neo
259 756 386 801 cerussa
402 739 471 812 tibi,
493 753 549 814 nec
564 737 633 801 nitri
649 753 759 812 spuma
772 738 908 800 rubentis

223 825 310 884 Desit
326 831 355 883 et
370 824 474 898 aprica
490 837 567 896 quae
582 822 665 880 venit
680 822 733 879 iris
748 821 850 881 humo.

138 916 174 970 'ts
185 907 232 967 Da
246 908 355 967 validis
369 908 513 968 iuvenum
527 906 640 980 pariter
656 904 826 978 subigenda
840 907 975 966 lacertis:

225 991 288 1050 Sed
302 993 415 1052 iustum
428 989 504 1050 tritis
519 990 609 1048 uncia
625 989 744 1062 pondus
760 991 825 1047 erit.

182 1075 296 1133 Addita
311 1075 351 1133 de
366 1075 494 1149 querulo
509 1073 668 1133 volucrum
682 1071 884 1132 medicamina
897 1073 969 1132 nido
992 1107 993 1110 =

131 1209 134 1214 .
226 1155 284 1215 Ore
300 1158 406 1230 fugant
420 1158 565 1216 maculas.
588 1158 738 1232 alcyonea
755 1165 875 1216 vocant.

181 1239 334 1312 Pondere,
359 1241 385 1297 si
402 1240 539 1311 quaeris,
563 1255 624 1312 quo
641 1241 697 1298 sim
712 1246 871 1300 contentus
887 1239 1001 1313 inillis,

137 1332 176 1385 80
228 1322 315 1395 Quod
330 1321 419 1381 trahit
434 1322 465 1380 in
478 1329 581 1396 partes
596 1322 687 1381 uncia
704 1331 788 1382 secta
803 1323 890 1383 duas.
921 1347 923 1352 ·

181 1407 221 1467 Ut
235 1414 358 1477 coeant,
378 1414 511 1479 apteque
526 1405 577 1464 lini
593 1420 649 1479 per
663 1421 795 1481 corpora
810 1406 939 1482 possint,

222 1489 321 1548 Adice
336 1489 374 1547 de
388 1489 479 1547 ssavis
493 1489 594 1548 Attica
608 1490 698 1572 mella
712 1491 801 1550 lavis.

183 1573 326 1645 Quamvis
341 1579 408 1632 tura
421 1572 498 1632 deos
512 1573 650 1646 irataque
665 1575 790 1650 numina
803 1574 935 1648 placent,
978 1601 981 1606 ·

223 1657 289 1714 Non
305 1664 404 1715 tamen
419 1655 559 1716 accensis
577 1657 678 1716 omnia
696 1658 799 1717 danda
813 1658 901 1717 loeis.
968 1719 970 1724 ,

137 1746 173 1799 85
185 1739 245 1798 Tus
258 1737 310 1797 ubi
325 1739 485 1798 miscueris
500 1738 619 1798 radenti
633 1739 741 1799 tubera
755 1740 843 1813 nitro,

223 1821 412 1881 Ponderibus
427 1822 516 1882 iustis
532 1822 581 1880 iac
596 1822 635 1882 sit
650 1821 799 1896 utrimque
813 1825 917 1882 triens.

180 1904 269 1964 Parte
284 1905 383 1964 minus
400 1913 507 1979 quarta
523 1905 680 1979 dereptum
696 1906 808 1964 cortice
822 1907 944 1980 gummi,

223 1988 261 2046 Et
275 1989 428 2048 modicum
444 2005 461 2048 e
475 1988 607 2066 myrrhis
623 1989 787 2064 pinguibus
803 1989 883 2049 adde
899 1989 1019 2049 cubum.

181 2071 265 2131 llaec
280 2071 332 2131 ubi
348 2074 501 2146 contriris,
526 2088 582 2148 per
597 2072 694 2134 densa
713 2074 860 2133 foramina
874 2088 979 2132 cerne:

138 2162 176 2216 90
227 2154 331 2214 Pulvis
347 2155 384 2214 ab
397 2157 500 2216 inluso
515 2157 804 2232 mellepremendus
820 2157 884 2216 erit.

181 2237 295 2297 Profuit
311 2246 341 2297 et
355 2239 525 2300 marathros
541 2241 620 2299 bene
635 2240 786 2300 olentibus
801 2240 916 2300 addere
931 2238 1095 2316 myrrhis..

226 2321 362 2396 Quinque
376 2323 496 2382 trahant
507 2321 653 2384 'marathri
665 2325 824 2399 scrupula,
839 2323 963 2401 myrrha
975 2338 1116 2383 novem...

181 2405 366 2479 Arentisque
380 2421 472 2464 rosae
488 2414 631 2481 quantum
647 2423 755 2467 manus
770 2423 831 2467 una
846 2407 1015 2482 prehendit,
1130 2452 1134 2461 .

225 2488 359 2562 Cumque
373 2490 573 2551 Ammoniaco
588 2491 726 2551 mascula
739 2499 806 2552 tura
821 2491 895 2551 sale.

136 2578 173 2631 95
184 2570 308 2629 Hordea
323 2587 413 2644 quem
429 2573 554 2647 iaciunt,
576 2574 635 2634 illis
651 2575 777 2634 inlunde
792 2589 973 2634 cremorem:

222 2656 365 2727 Aequent
380 2670 532 2730 expensas
548 2671 617 2716 cum
632 2659 697 2718 sale
712 2666 778 2718 tura
793 2673 891 2718 rosas.

180 2736 330 2810 Tempore
344 2738 405 2796 sint
419 2755 515 2813 parvo
530 2741 613 2801 molli
627 2742 699 2801 licet
712 2742 787 2815 illita
801 2742 894 2812 vultu,

99 2861 106 2866 .
217 2807 366 2879 Haerebit
380 2829 444 2882 toto
461 2825 572 2884 multus
587 2826 619 2883 in
634 2841 687 2886 ore
703 2827 797 2886 color.

180 2902 252 2961 Vidi
268 2899 348 2978 quae
361 2906 463 2978 gelida
478 2907 649 2968 madefacta
665 2924 821 2990 papauera
837 2906 963 2986 lympha

116 2993 167 3045 too
221 2985 408 3060 Contereret,
430 2990 543 3050 teneris
559 2992 748 3068 illineretque
762 2994 860 3068 genis.

557 3287 690 3299 -n—
