2488 4006
158 248 199 312 98

472 211 475 220 ’
542 245 805 332 uouemus

245 401 337 474 ‘Quid
351 399 444 472 lacis,
465 398 623 458 Aeacides
641 413 704 458 non
720 413 789 458 sum
803 397 871 458 sine
885 394 1020 460 vindiee’
1036 401 1116 460 dixis

285 484 383 543 ‘Haeo
397 483 451 543 tibi
466 482 524 541 sub
540 482 663 541 domino
680 489 743 556 est,
763 480 893 558 Pyrrhe,
917 485 1021 557 puella
1035 485 1118 543 suo?

244 567 372 628 Surdior
386 566 437 626 ille
452 567 530 626 lreto
546 566 726 626 clamantem
741 581 853 626 nomen
869 565 987 628 Orestis

201 663 236 714 10
287 650 391 710 Traxit
404 649 552 711 inornatis
567 649 598 708 iu
615 663 674 709 sue
688 654 770 710 tecte
784 650 891 710 comis.

244 735 322 810 Quid
337 734 460 810 gravius
477 739 567 807 capta
581 731 813 794 Lacedaemone
828 748 920 793 serva
936 732 1083 807 tulissem,

286 817 318 878 Si
333 825 455 894 raperet
470 815 577 876 Graias
593 815 724 876 barbara
739 815 827 876 turba
841 823 960 876 nurust

242 900 366 961 Parcius
380 899 619 962 Andromachen
635 900 759 960 vexavit
771 899 890 959 Achaia
906 898 1025 975 victrix,

286 985 360 1045 Cum
374 985 498 1044 Danaus
512 983 662 1061 Phrygias
677 992 778 1044 ureret
791 984 871 1058 ignis
887 997 974 1058 opes.

202 1071 287 1131 15Ἀὶ
301 1076 349 1142 tu,
370 1083 444 1127 eura
457 1067 516 1126 mei
530 1067 558 1126 si
573 1074 603 1127 te
616 1067 667 1141 pia
679 1067 790 1140 tangit,
815 1066 932 1134 Oreste,

285 1150 369 1211 lnioe
384 1167 445 1211 non
462 1151 583 1212 timidos
598 1151 628 1209 in
644 1158 695 1210 tua
710 1150 776 1209 iura
792 1166 910 1209 manus.

243 1237 292 1294 An
308 1234 405 1310 siquis
418 1234 517 1309 rapiat
531 1233 659 1294 stabulis
676 1240 811 1294 armenta
824 1233 964 1306 reclusis,

285 1322 380 1378 Arma
394 1318 491 1390 leraS,
514 1323 602 1392 rapta
617 1316 748 1391 coniuge
763 1318 864 1377 lentus
880 1315 963 1375 erist

244 1401 277 1462 Si
292 1416 383 1461 socer
398 1401 539 1476 exemplo
553 1407 666 1476 nuptae
679 1401 827 1475 repetitor
841 1400 1011 1474 ademptae,

200 1495 234 1548 22
287 1485 387 1559 Nupta
405 1485 484 1544 foret
496 1483 596 1542 Paridi
611 1489 721 1556 mater,
745 1491 779 1544 ut
792 1491 862 1544 ante
877 1483 941 1543 luit.

242 1569 306 1628 Nec
320 1575 352 1628 tu
365 1568 446 1626 mille
460 1574 542 1628 rates
558 1568 748 1642 sinuosaque
763 1557 975 1652 velapar'aris,

284 1651 346 1710 Neo
361 1665 504 1710 numeros
519 1651 616 1710 Danai
632 1650 743 1711 militis.
764 1651 833 1727 ipse
848 1651 933 1710 veni!

199 1744 233 1796 25
246 1733 297 1794 Sic
312 1748 438 1808 quoque
453 1748 535 1813 eram
550 1735 718 1808 repetenda
732 1741 843 1802 tamen.
866 1747 924 1794 nec
938 1741 1027 1809 turpe
1040 1732 1161 1806 marito,

283 1820 406 1892 Aspera
419 1833 477 1891 pro
493 1833 565 1876 earo
580 1817 660 1876 bella
673 1819 781 1878 tulisse
796 1825 874 1878 toro.

243 1899 336 1974 Quid,
361 1900 446 1974 quod
462 1917 539 1962 avus
554 1900 644 1960 nobis
659 1901 740 1961 idem
756 1901 919 1977 Pelopeius
934 1901 1056 1975 AtreuS,

284 1983 336 2058 Et,
362 1985 388 2044 si
404 2000 464 2044 non
480 2000 569 2046 esses
584 1985 632 2044 vir
645 1984 733 2060 milri,
755 1986 849 2045 frater
863 1991 953 2045 erasi

242 2067 311 2139 Vir,
335 2082 460 2142 precor,
485 2067 589 2142 uxori,
611 2069 703 2128 frater
718 2084 863 2130 suoeurre
878 2067 993 2130 sororia

200 2159 235 2214 30
287 2151 404 2211 lnstant
418 2151 521 2213 officio
537 2153 659 2211 nomina
677 2152 747 2226 bina
762 2160 824 2212 tuo.

242 2233 291 2293 Me
305 2234 359 2295 tibi
374 2235 571 2312 Tyndareus,
592 2236 654 2294 vita
668 2235 772 2310 gravis
787 2241 894 2295 auctor
908 2241 938 2294 et
952 2235 1050 2306 anuis,

285 2317 429 2378 Tradidit.
451 2318 607 2378 arbitrium
621 2318 722 2394 neptis
737 2317 870 2378 habebat
883 2334 971 2378 avus.

242 2402 283 2459 At
298 2407 385 2475 pater
399 2401 554 2461 Aeacidae
569 2401 767 2478 promiserat,
789 2403 906 2462 inscius
924 2403 990 2462 acti.

284 2483 356 2543 Plus
371 2501 510 2560 quoque,
534 2486 586 2560 qui
600 2488 684 2560 prior
699 2493 747 2546 est
761 2479 883 2558 ordine,
906 2485 1007 2560 possit
1020 2499 1107 2544 avus.

199 2577 234 2630 35
246 2567 320 2627 Cum
332 2567 385 2627 tibi
400 2567 568 2643 nubebam,
589 2570 662 2628 nulli
677 2584 744 2628 mea
756 2570 847 2629 taeda
862 2567 1005 2629 nocebat:

286 2650 319 2711 Si
334 2651 440 2726 iungar
454 2652 586 2729 Pyrrho,
609 2659 642 2712 tu
657 2652 729 2712 mihi
747 2654 850 2712 laesus
866 2653 938 2712 eris.

242 2734 279 2793 Et
293 2742 381 2809 pater
395 2737 534 2809 ignoscet
548 2745 654 2798 nostro
668 2736 828 2797 Menelaus
842 2733 953 2796 amerit

286 2817 452 2879 Succubuit
465 2821 532 2879 telis
548 2821 703 2895 praepetis
718 2821 787 2895 ipse
802 2819 862 2879 dei.

243 2901 337 2974 Quem
353 2901 412 2961 sibi
426 2903 575 2977 permisit,
599 2919 712 2978 genero
729 2903 870 2963 coneedit
884 2917 1028 2962 amorem.

132 3055 134 3058 ¹
201 2993 235 3047 40
286 2983 425 3044 Proderit
439 2989 581 3062 exemplo
597 2995 692 3048 mater
706 2994 806 3047 amata
822 3003 889 3046 suo.

241 3067 286 3127 Tu
300 3067 387 3140 milri,
410 3071 494 3142 quod
508 3071 593 3147 matri
608 3078 694 3146 pater
708 3079 764 3132 est.
788 3087 865 3146 quas
881 3076 987 3144 egerat
1001 3068 1071 3128 olim

284 3151 455 3211 Dardanius
472 3155 565 3226 partis
581 3155 715 3226 advena,
738 3154 873 3231 Pyrrhus
888 3154 958 3227 agit

242 3234 296 3293 llle
310 3234 381 3294 lieet
394 3235 501 3309 patriis
516 3238 583 3297 sine
596 3238 658 3296 line
673 3238 829 3312 superbiat
843 3238 929 3296 actia.

233 3315 235 3320 '
283 3318 321 3376 Et
334 3325 366 3378 tu
381 3335 461 3394 quae
475 3321 592 3382 referas
608 3322 689 3381 laeto
704 3323 853 3396 parentia
875 3320 981 3379 lrabes.
1096 3331 1098 3336 ·

199 3401 418 3462 45Tantalides
435 3404 533 3464 omnis
549 3405 712 3480 ipsumque
729 3405 855 3479 regebat
870 3403 1028 3462 Achillem.

285 3483 341 3542 Hie
356 3501 428 3559 pars
443 3487 581 3563 militiae,
604 3488 666 3548 dux
681 3497 746 3548 erat
760 3490 809 3548 ille
825 3489 946 3547 drtoum.
