2498 4008
113 267 178 330 250
495 261 666 325 Reman.
682 261 764 324 ἈΜ.

197 417 352 478 Enervant
366 415 486 476 animos
504 415 636 476 citharae
653 413 796 489 lotosque
809 414 959 492 lyraeque

241 501 279 562 Et
292 516 355 560 vox
371 506 401 559 et
415 499 549 560 numeris
564 497 689 558 brachia
703 504 785 558 mota
800 499 875 560 suis.

137 585 263 649 71511110
278 581 409 644 adsidue
423 583 485 644 deti
499 585 646 642 saltantur
661 587 814 642 amantes:

243 667 322 742 Quid
337 681 465 739 caveas,
488 673 587 740 actor,
609 663 682 741 quid
696 663 793 739 iuvet,
815 670 880 724 arte
896 663 997 726 docet.

199 751 337 826 Eloquar
349 749 472 810 invitus.
494 755 617 810 teneros
635 764 675 808 ne
688 754 779 822 tange
794 754 920 824 poetas!

243 833 430 894 Summoveo
446 833 534 893 dotes
549 833 648 908 ipsius
663 832 733 906 ipse
746 847 844 892 meas.

202 917 417 978 Callimachum
432 917 536 992 legito.
556 933 617 976 non
634 921 682 975 est
695 914 836 976 inimicus
851 914 974 976 Amori=

136 1009 189 1065 760
241 1001 361 1062 Etcum
376 999 606 1076 Callimachotu
622 1012 761 1073 quoque,
786 998 862 1072 Coe,
884 1013 989 1060 noces.

201 1083 250 1142 Me
266 1091 348 1144 certe
363 1082 490 1159 Sappho
506 1083 661 1142 meliorem
675 1082 747 1142 10011
760 1083 885 1156 amicae,

243 1167 306 1226 Nec
320 1165 437 1240 rigidos
453 1181 554 1226 mores
569 1165 641 1225 Teia
656 1164 747 1224 Musa
761 1164 856 1225 dedit.

202 1249 342 1309 carmina
355 1250 424 1322 quis
440 1249 537 1324 potuit
550 1255 613 1308 tuto
629 1249 744 1322 legisse
757 1246 875 1324 Tibulli,

242 1333 301 1391 Vel
317 1339 384 1405 tua,
408 1333 495 1392 cuius
511 1347 591 1405 opus
606 1330 735 1407 Cynthia
750 1331 819 1390 sola
833 1331 910 1390 iuitl
1009 1355 1015 1366 .

137 1423 188 1479 761
200 1415 273 1489 Quis
290 1413 401 1490 poterit
414 1414 493 1474 lecto
508 1415 605 1474 durus
619 1414 781 1473 discedere
795 1413 903 1473 (101101
938 1440 942 1458 ·

242 1498 281 1558 Et
294 1513 363 1558 mea
376 1497 482 1558 nescio
498 1497 571 1572 quid
585 1497 719 1557 carmina
733 1499 794 1556 tale
810 1502 930 1558 sonant.

148 1576 152 1582 ’
202 1581 364 1656 Quodnisi
380 1581 443 1640 dux
458 1581 561 1658 operis
578 1588 679 1640 vatem
692 1581 852 1641 1100110101
866 1579 988 1656 Apollo,

242 1665 392 1724 Aemulus
407 1673 455 1725 est
469 1663 566 1724 nostri
579 1664 713 1723 maxima
729 1679 824 1724 causa
837 1664 918 1723 mali.

201 1749 242 1830 At
255 1754 287 1807 tu
301 1747 429 1808 rivalem
444 1749 506 1806 noli
520 1747 573 1806 tibi
589 1747 705 1822 lingere
720 1761 914 1823 quemquam,

138 1837 191 1892 770
244 1829 339 1904 Inque
354 1845 410 1890 suo
427 1831 524 1890 solam
539 1829 633 1890 crede
647 1831 748 1890 iacere
762 1836 841 1891 toro.

201 1913 312 1973 Acrius
327 1913 511 1972 Hermionen
525 1913 596 1973 ideo
611 1912 716 1973 dilexit
732 1913 867 1988 Orestes,

243 1996 323 2056 Esse
338 1996 422 2071 quod
436 1997 562 2058 alterius
577 2003 722 2072 coeperat
734 1997 785 2057 illa
799 1995 867 2056 viri.

202 2078 295 2153 Quid,
316 2078 469 2154 Menelae,
491 2081 601 2140 doleat
632 2080 703 2140 ibas
718 2081 785 2140 sine
799 2079 929 2155 coniuge
944 2079 1063 2153 Creten,

243 2163 281 2224 Et
294 2169 417 2238 poteras
434 2170 528 2239 nupta
541 2165 642 2223 lentus
658 2164 770 2224 abesse
783 2171 845 2224 tua.

138 2245 240 2308 775111
252 2245 337 2306 Paris
351 2245 431 2306 hanc
444 2247 558 2323 rapuit,
580 2261 660 2307 nuno
675 2247 795 2307 demum
809 2262 907 2308 uxore
923 2261 1027 2308 carere

243 2329 310 2389 Non
325 2337 424 2403 potes.
448 2331 571 2391 alterius
587 2331 683 2390 crevit
698 2345 803 2391 amore
816 2337 897 2391 tuus.

201 2412 268 2473 Hoc
283 2419 314 2472 et
327 2413 356 2472 in
375 2413 507 2474 abducta
518 2411 767 2474 Briseidellebat
780 2413 927 2488 Achilles,

243 2495 328 2554 iliam
342 2495 507 2557 Plisthenio
522 2497 634 2572 gaudia
649 2497 729 2556 terre
742 2503 820 2557 toro.
900 2497 902 2504 '

201 2578 263 2638 Nec
278 2579 390 2638 trustra
406 2577 513 2652 flebat,
536 2580 608 2639 mihi
624 2581 748 2640 credite.
771 2580 842 2641 lecit
855 2579 990 2654 Atrides,

160 2667 213 2725 780
245 2661 332 2736 Quod
347 2662 373 2722 si
388 2679 449 2724 non
464 2665 593 2737 laceret,
615 2665 743 2739 turpiter
757 2673 843 2725 esset
856 2665 948 2723 iners.

202 2745 288 2806 Certe
303 2760 360 2820 ego
377 2747 537 2821 iecissem,
559 2761 617 2808 nec
632 2763 700 2808 sum
715 2747 884 2823 sapientior
896 2747 958 2806 illo.

243 2827 380 2889 Invidiae
395 2831 510 2891 huctus
524 2831 674 2890 maximus
688 2831 739 2890 1110
753 2832 817 2891 luit.

200 2911 276 2972 Nam
290 2913 349 2972 sibi
364 2913 448 2987 quod
462 2929 627 2987 numquam
639 2919 750 2974 tactam
763 2912 904 2974 Briseida
918 2912 993 2971 iurat

242 2994 299 3053 Per
313 3001 481 3071 sceptrum,
504 3004 657 3071 sceptrum
671 3013 732 3058 non
747 3003 831 3072 putat
845 3011 918 3056 esse
930 2993 1016 3053 deos.

136 3085 187 3144 100
198 3077 235 3138 bi
250 3077 375 3152 iaciant,
401 3079 504 3154 possis
522 3080 663 3140 dominae
679 3079 808 3141 transire
822 3080 946 3140 relictae

242 3161 371 3234 Limina,
395 3163 559 3238 proposito
575 3161 790 3238 sufficiantque
804 3163 913 3239 pedes.

199 3247 237 3306 lit
250 3245 376 3322 poteris.
398 3246 492 3308 modo
507 3246 678 3307 velletene.
709 3247 795 3307 Nunc
810 3247 928 3308 lortiter
942 3245 995 3315 irc,
1098 3307 1101 3314 ,
1220 3263 1221 3278 ¹

241 3329 327 3390 Nunc
344 3343 424 3404 opus
438 3337 486 3390 001
500 3330 592 3390 001011
607 3329 739 3390 subdere
755 3331 856 3390 calcar
869 3344 961 3404 equo.
983 3396 986 3404 ¹
1101 3349 1110 3371 ·

201 3411 256 3468 1110
269 3409 484 3487 Lotophagos,
507 3413 559 3473 ilio
576 3412 700 3474 Sirenas
716 3414 748 3473 in
762 3420 849 3473 antro
944 3459 951 3472 ,

138 3495 190 3550 700
241 3491 320 3551 Esse
332 3501 416 3568 puta.
438 3497 532 3555 remis
547 3495 634 3556 edice
647 3497 716 3556 vela
732 3497 802 3558 tuis.
