2498 4008
499 203 527 276 I,
551 199 612 264 527
626 201 747 264 -602
842 299 843 302 Ἴ

131 361 188 415 555
197 353 278 428 Ergo
292 352 345 413 ubi
360 352 543 427 contigerint
555 353 647 427 positi
661 354 715 413 tibi
730 371 856 416 munera
870 356 992 431 Bacchi,

239 439 342 512 Atque
357 437 413 496 erit
427 437 457 498 in
473 437 550 497 socii
565 437 677 497 femina
691 445 777 513 parte
791 440 858 510 tori,

198 521 429 598 Nycteliumque
445 528 561 595 patrem
576 527 786 596 nocturnaque
801 537 889 582 saera
903 514 1039 598 precare,

239 605 283 665 Ne
297 605 421 666 iubeant
435 604 526 679 capiti
541 604 612 663 vina
626 619 738 664 nocere
753 614 815 666 tuo.

197 689 251 748 llic
266 688 320 750 tibi
335 690 428 749 multa
443 689 514 748 lieet
529 703 670 748 sermone
682 690 806 749 latentia
819 695 919 750 tectu
1023 735 1026 745 .

128 778 186 832 575
236 772 360 845 Dicere,
385 787 464 846 quae
479 771 540 830 diei
556 771 666 832 sentiat
680 773 732 831 illa
745 773 818 832 sibi:

196 856 426 932 Blanditiasque
441 857 525 922 leves
540 855 622 917 tenui
638 856 829 930 perscribere
845 856 926 930 vino,
1002 915 1005 919 ,

236 941 275 1000 Ut
290 940 444 998 dominam
456 939 487 997 in
502 955 610 1000 mense
625 954 659 999 se
674 941 754 1014 legat
768 941 927 1000 illamam:

196 1023 296 1096 Atque
312 1025 420 1082 oculos
437 1023 534 1082 oeulis
550 1029 691 1096 spectare
707 1023 869 1083 latentibus
884 1025 1000 1097 ignem:

237 1105 338 1180 Saepe
353 1113 458 1165 tacens
473 1121 581 1164 vocem
597 1105 755 1180 verbaque
771 1107 870 1166 vultus
884 1105 985 1166 habet.

124 1195 183 1250 575
194 1188 385 1270 Facprimus
401 1188 505 1260 rapias
520 1188 601 1247 illius
616 1195 695 1246 tacta
710 1189 828 1247 labellis

233 1269 361 1344 Pocula,
386 1287 509 1346 quaque
524 1266 600 1330 bibit
615 1277 700 1345 parte
716 1272 833 1345 puella,
853 1270 958 1330 bibas:

192 1355 228 1413 Et
244 1370 466 1429 quemcumque
482 1355 583 1414 eibum
600 1354 701 1428 digitis
717 1353 858 1414 libaverit
869 1354 929 1425 illa,

233 1437 371 1512 Tupete.
395 1438 529 1511 dumque
544 1446 646 1513 petes,
670 1439 709 1498 sit
721 1437 775 1496 tibi
790 1445 870 1512 tacta
885 1453 1002 1496 manus.

192 1519 257 1580 Sint
272 1521 360 1579 etlam
375 1528 426 1579 tua
441 1529 527 1592 vota,
550 1523 616 1582 viro
633 1522 789 1596 placuisse
804 1521 938 1596 puellae:

121 1612 180 1667 580
231 1605 339 1664 Utilior
353 1602 443 1663 vobis
459 1605 558 1664 faetus
574 1605 690 1664 amicus
706 1606 771 1664 erit.

191 1688 282 1760 Huic,
306 1685 333 1746 si
350 1694 431 1746 sorte
446 1686 549 1759 bibes,
572 1695 686 1746 sortem
702 1687 838 1747 concede
853 1687 1001 1762 priorem=

232 1771 309 1831 Huic
325 1770 413 1829 detur
428 1769 519 1844 capiti
533 1769 629 1829 missa
644 1786 760 1830 corona
776 1777 839 1830 tuo.

191 1853 263 1913 Sive
279 1853 317 1914 sit
331 1851 470 1926 inferior,
494 1869 548 1912 seu
565 1869 634 1927 par,
658 1853 742 1927 prior
758 1853 860 1912 omnia
874 1857 988 1914 sumat:
1070 1869 1076 1892 ¹

232 1937 297 1996 Nec
311 1937 430 1996 dubites
446 1937 488 1995 illi
502 1936 596 1995 verba
611 1936 747 1996 secunda
761 1936 856 2010 loqui.

25 2013 27 2018 ’
121 2028 177 2082 585
189 2020 263 2081 Τ515
279 2021 487 2096 frequensque
503 2020 555 2078 via
572 2026 633 2093 est,
656 2035 711 2093 per
726 2019 933 2083 amieifallere
948 2035 1068 2080 nomen.

148 2106 151 2112 '
231 2105 306 2163 Tuta
320 2104 527 2178 frequensque
543 2103 613 2168 lieet
630 2103 668 2161 sit
685 2103 750 2176 via,
775 2103 886 2162 crimen
903 2102 1004 2161 habet.

189 2187 264 2246 Inde
279 2195 459 2261 procurator
473 2186 598 2246 nimium
613 2202 738 2261 quoque
753 2186 847 2245 multa
863 2192 1012 2260 procurat,
1119 2202 1122 2208 ·

230 2271 269 2330 Et
282 2266 340 2328 sibi
355 2269 507 2328 mandatis
522 2269 611 2343 plura
625 2269 760 2328 videnda
776 2275 869 2344 putat.

190 2353 278 2412 Certa
292 2353 345 2411 tibi
359 2368 378 2411 5
392 2353 481 2428 nobis
497 2351 617 2412 dabitur
631 2367 775 2412 mensura
788 2351 928 2411 bibendi:

120 2443 178 2498 590
234 2435 373 2496 Officium
391 2443 547 2510 praestent
561 2451 710 2509 mensque
725 2436 885 2510 pedesque
900 2451 998 2494 suum.

70 2531 74 2538 ‘
188 2520 289 2592 Iurgia
304 2520 467 2594 praecipue
483 2519 553 2579 vinc
570 2518 721 2591 stimulata
736 2527 854 2592 caveto,

230 2603 268 2661 Et
282 2603 407 2661 nimium
421 2602 526 2662 faciles
542 2603 582 2662 ad
597 2603 662 2662 fera
677 2603 758 2662 bella
772 2619 889 2661 manus.

188 2684 306 2764 Oecidit
319 2686 467 2762 Eurytion
483 2688 573 2745 stulte
589 2686 660 2745 datu
675 2686 747 2745 vina
759 2685 904 2745 bibendo.

230 2769 341 2842 Aptior
355 2775 402 2828 est
416 2769 496 2828 dulci
511 2785 619 2830 mensa
633 2784 810 2843 merumque
824 2770 903 2828 icco.

120 2858 176 2912 595
188 2851 220 2911 Si
238 2859 375 2925 verast,
400 2859 497 2912 canta.
521 2853 547 2912 si
562 2853 664 2913 mollia
679 2852 826 2924 brachia,.
842 2851 934 2911 salta:
1031 2865 1034 2870 ·

228 2935 267 2994 Et
282 2951 475 3010 quacumque
491 2944 579 3010 potes
595 2936 667 2997 dote
684 2937 819 3010 placere,
843 2937 940 3009 place.

186 3017 324 3086 Ebrietas
341 3026 373 3078 ut
390 3034 463 3078 vera
477 3027 581 3093 necet,
604 3020 649 3079 sic
664 3018 735 3078 fieta
749 3017 879 3078 iuvabit:

228 3101 289 3161 Fac
303 3102 411 3162 titubet
423 3102 530 3162 515555
546 3102 677 3164 subdola
692 3103 795 3178 lingua
809 3117 898 3175 sono,

131 3223 138 3228 -
186 3184 240 3256 Ut,
264 3185 409 3260 quicquid
424 3185 519 3246 facias
532 3187 658 3246 dicasve
672 3187 846 3260 protervius
861 3201 971 3258 aequo,

116 3276 173 3330 600
227 3268 374 3328 Credatur
387 3269 511 3330 nimium
528 3286 622 3331 causa
639 3270 736 3330 luisse
750 3284 875 3329 merum.
1087 3273 1089 3278 '
1154 3317 1161 3336 .

183 3349 222 3410 Et
238 3350 316 3413 bene
332 3353 381 3412 dic
397 3353 553 3429 dominae,
573 3353 667 3426 bene,
691 3369 759 3413 cum
775 3367 836 3427 quo
852 3351 981 3411 dormiat
995 3349 1060 3409 illa:
1134 3405 1137 3425 ,

226 3433 306 3510 Sed,
329 3437 408 3496 male
424 3437 591 3511 sit„tacita
604 3444 703 3499 mente
718 3451 860 3513 precare,
883 3435 958 3494 vir-0.

1090 3495 1096 3520 ⁴
1126 3491 1138 3578 i
