2488 4006
372 243 409 302 X.
431 241 643 302 ARIADNE
664 243 819 307 18-93.
1051 239 1116 310 107

221 393 417 455 ‘Pressimus’
434 397 571 453 exclamo
587 397 629 453 ‘le
645 394 715 454 duo.
740 395 835 456 redde
851 396 940 456 duos.
1029 419 1031 426 ,

178 478 325 537 Venimus
341 477 401 537 lruc
411 477 516 536 ambo.
538 493 592 536 eur
606 493 667 536 non
682 479 870 544 discedimus
885 477 997 540 embol

219 560 355 631 Perfide,
379 577 450 635 pars
466 561 576 634 nostri,
600 562 724 634 lectule,
747 560 844 620 maior
860 562 913 622 ubi
927 566 1006 622 esl‘l’

179 643 258 717 Quid
273 643 403 702 loeium?
426 659 486 719 quo
502 645 570 703 sola
586 644 687 704 ferare
709 652 798 704 vecel
811 645 912 704 insula
926 647 1021 706 culeus

136 735 172 790 00
222 727 289 786 Νοιι
304 726 460 787 homiuum
475 727 584 799 video,
608 744 669 788 nou
685 743 742 802 ego
758 729 838 788 secla
851 729 953 790 boum.

181 808 276 869 Omne
290 812 368 870 latus
385 818 483 870 terrae
498 810 590 884 cingit
603 827 696 870 mare.
719 812 823 875 navilo
836 827 997 886 nusquam,

108 927 112 948 .
221 894 309 952 Nulla
323 907 378 968 per
392 893 550 968 ambiguas
565 896 679 970 puppis
698 895 776 954 itura
790 896 867 954 viee.

178 976 272 1052 Finge
288 977 353 1036 dari
367 978 557 1051 comitesque
571 977 644 1036 mihi
661 987 833 1053 ventosque
851 985 1018 1054 ratemque,

224 1059 302 1132 Quid
317 1067 451 1133 sequare
478 1060 635 1120 Accessus
651 1068 731 1120 lerra
746 1069 872 1134 palerna
887 1068 987 1136 neget.

137 1152 171 1206 65
181 1143 221 1202 Ut
234 1150 299 1201 rate
314 1143 394 1201 felici
409 1149 518 1216 pucala
533 1157 588 1217 per
603 1158 740 1218 eequora
754 1143 848 1214 leber,

220 1224 380 1298 Temperet
393 1231 425 1284 ut
438 1231 548 1283 ventos
562 1226 695 1296 Aeolus,
716 1228 787 1285 exul
802 1241 867 1286 ero.
969 1296 974 1304 Ι

179 1308 246 1368 Non
262 1322 319 1381 ego
334 1314 378 1382 te,
399 1307 487 1368 Grele
502 1314 623 1367 ceolum
638 1309 758 1382 digesta
776 1324 831 1383 per
845 1308 948 1381 urbes,

220 1391 395 1465 Aspiciam,
418 1407 512 1466 puero
529 1391 651 1466 cognita
663 1399 743 1452 lerra
757 1392 832 1456 lovi.

179 1475 220 1534 Al
237 1482 323 1550 paler
337 1483 367 1536 et
380 1475 468 1534 tellus
483 1475 563 1535 iusto
578 1482 704 1550 regnata
718 1475 836 1550 peremi

138 1566 174 1622 70
225 1558 348 1618 Prodita
363 1565 433 1618 sunl
448 1559 544 1630 lacto,
565 1560 688 1618 nomine
702 1575 788 1632 cara,
811 1573 889 1630 meo,

180 1642 253 1702 Cum
268 1640 335 1714 tibi,
359 1655 397 1698 ne
413 1641 510 1701 vietor
525 1648 603 1700 lecto
619 1657 771 1701 morerere
785 1657 925 1712 recurvo,

224 1724 306 1798 Quae
322 1732 463 1798 regerent
478 1739 606 1798 pessus,
631 1740 687 1798 pro
702 1725 781 1785 duce
795 1726 847 1784 ille
862 1725 948 1784 dedi:

182 1809 253 1868 Cum
270 1807 342 1865 milri
357 1807 483 1866 dicebas
497 1811 566 1883 ‘per
580 1822 638 1881 ego
655 1808 724 1882 ipse
737 1809 874 1880 pericula
886 1808 964 1882 iuro,

222 1893 264 1950 Te
280 1892 360 1962 lore,
384 1891 456 1950 dum
471 1897 609 1950 nostrum
624 1891 706 1950 vivet
717 1898 861 1966 uterque,
884 1895 1005 1952 meam?

139 1983 173 2037 75
184 1974 339 2047 Vivimus,
362 1981 467 2034 elnon
483 1991 564 2046 sum,
588 1973 723 2046 Theseu,
743 1981 825 2033 tue...
848 1973 880 2033 Si
897 1975 989 2034 modo
1004 1974 1093 2048 viviS,

223 2059 348 2117 Femina
362 2053 475 2132 periuri
489 2058 596 2117 fraude
612 2058 732 2132 sepulta
746 2057 813 2116 viri.

181 2142 231 2201 Me
246 2155 371 2216 quoque
386 2156 447 2215 que
462 2141 598 2214 lralrem,
621 2148 804 2212 mammeas,
827 2139 980 2215 improbe,
1003 2141 1100 2200 clave.

222 2225 313 2284 Esset
327 2218 419 2298 quem
434 2223 581 2296 dederas,
605 2232 701 2284 merle
717 2226 818 2284 soluta
832 2224 921 2283 fides.

181 2308 266 2368 Nunc
281 2323 338 2382 ego
354 2323 416 2366 non
431 2314 546 2368 tantum
562 2323 642 2381 quae
657 2323 724 2368 sum
740 2323 887 2382 passure,
909 2308 1065 2379 recordor,

76 2393 79 2397 ’
139 2399 175 2454 80
229 2389 291 2451 Sed
306 2405 517 2466 quaecumque
532 2398 634 2466 polest
647 2393 713 2450 ulle
723 2391 828 2450 relicte
842 2389 914 2464 pali.

183 2472 350 2534 Occurrunt
364 2475 465 2533 animo
482 2474 629 2549 pereundi
644 2474 728 2532 mille
739 2475 869 2548 figurae:

222 2557 368 2631 Morsque
382 2557 482 2616 minus
497 2573 617 2632 poenae
632 2571 723 2631 quam
737 2573 824 2617 mora
838 2558 943 2616 mortis
958 2555 1057 2614 habel.

181 2642 246 2700 lam
261 2640 320 2698 iam
335 2647 479 2701 venturos
495 2649 547 2701 aul
561 2641 619 2700 lrec
634 2648 685 2700 aul
699 2641 843 2715 suspicor
857 2640 927 2700 illac

225 2723 281 2797 Qui
295 2725 408 2784 lanient
421 2723 512 2784 avido
528 2724 650 2784 viscera
664 2724 770 2794 dente,
793 2725 894 2797 lupos.

137 2805 322 2870 &Forsitan
337 2813 367 2866 et
382 2809 482 2868 lulvos
498 2808 587 2867 lellus
603 2809 664 2867 alal
678 2809 737 2866 ista
753 2807 869 2866 leones.

224 2889 297 2963 Quis
313 2891 384 2960 scil,
408 2907 447 2951 an
464 2891 542 2950 haec
557 2905 667 2950 saevas
682 2889 810 2964 tigridas
825 2889 925 2948 insula
938 2887 1050 2948 habete

180 2973 217 3032 El
231 2975 307 3034 freta
321 2975 463 3035 dicuntur
479 2989 605 3048 magnas
621 2975 775 3048 expellere
791 2973 918 3052 phocas.

224 3056 297 3130 Quis
312 3064 395 3117 velat
410 3066 440 3118 et
453 3058 573 3130 gladios
588 3072 645 3132 per
658 3057 737 3116 latus
752 3057 796 3115 ire
813 3062 934 3116 meum?

179 3139 306 3200 Tamum
320 3155 360 3199 ne
373 3141 485 3215 religer
498 3141 577 3200 dura
591 3141 713 3214 captiva
729 3147 844 3208 calena,

137 3231 173 3284 90
224 3223 309 3282 Neve
323 3223 440 3284 traham
456 3239 547 3283 serva
561 3223 689 3298 grundio
705 3238 803 3298 pensa
817 3239 924 3284 manua

181 3305 233 3366 Cui
250 3314 336 3382 paler
350 3313 398 3366 est
411 3307 527 3378 Minos,
551 3308 599 3365 cui
613 3314 710 3382 meter
723 3308 785 3366 lilia
798 3305 922 3375 Phoebi,

223 3391 373 3466 Quodque
387 3391 484 3465 magis
501 3389 638 3461 memini,
662 3405 742 3463 quae
758 3388 812 3446 libi
830 3395 919 3461 pecta
936 3387 987 3446 lui.

179 3472 212 3534 Si
227 3490 326 3549 mare,
348 3473 374 3534 si
390 3481 486 3534 terras
502 3481 702 3549 porrectaque
716 3472 806 3531 litora
820 3469 892 3542 vidi,
