2498 4008
133 241 199 304 202
466 233 606 296 ARTIS
630 231 770 294 AMAT.
801 247 803 253 ·

261 391 324 450 Neo
339 403 396 448 sua
411 389 473 448 rlon
488 401 582 446 scnus
598 385 711 459 scripta
726 391 818 459 poeta
832 385 913 458 legat
921 387 941 442 t’

154 541 156 544 ,
219 473 270 534 Sio
284 471 401 532 monuit
414 470 573 531 Phoebus:
595 467 719 529 Phoebo
735 475 841 542 parete
855 469 1000 529 monenti.

151 569 207 620 510
260 557 347 620 certa
362 555 412 614 dei
426 569 515 614 sacro
531 560 578 612 est
591 551 682 612 huius
698 551 729 610 in
743 567 797 610 ore
810 551 900 610 fides

216 640 267 700 Ad
285 638 430 713 propiora
444 652 550 697 vocor.
583 635 728 709 Quisquis
744 634 899 709 sapienter
913 635 1049 710 amabit.

260 722 382 792 Vincet,
403 729 434 780 et
450 737 468 778 e
483 728 603 792 nostra,
628 717 712 793 quod
726 724 823 792 petet,
844 724 909 776 arte
923 719 1008 779 leret.

217 804 338 865 Credita
352 819 414 864 non
430 818 552 877 semper
569 803 645 862 sulci
661 817 730 860 cum
745 803 872 860 foenore
886 801 1027 876 reddunt,

257 887 319 946 Neo
335 902 457 962 semper
471 885 580 954 dubias
597 885 720 945 adiuvat
734 899 808 944 aura
822 890 913 943 rates.

146 982 202 1034 515
214 970 303 1045 Quod
319 971 416 1041 iuvet,
441 969 594 1044 exiguum.
622 968 692 1041 plus
707 974 768 1039 est,
791 966 875 1041 quod
888 967 990 1027 laedat
1005 973 1156 1029 ornantes.

255 1053 432 1128 Proponant
448 1053 548 1111 animo
564 1051 657 1110 multa
671 1049 798 1108 lerenda
812 1065 879 1110 suo.
1023 1118 1028 1124 ,

215 1137 293 1211 Quot
308 1139 431 1210 lepores
447 1135 477 1193 in
492 1135 588 1207 Atho,
612 1140 686 1207 quot
702 1149 778 1208 apes
794 1140 961 1206 pascuntur
976 1135 1007 1193 in
1021 1133 1134 1212 Hybla,

145 1226 147 1229 ’
241 1231 242 1234 ’
256 1219 383 1278 Caerula
397 1226 471 1292 quot
483 1217 578 1276 bacas
592 1216 723 1275 Palladis
740 1217 831 1276 arbor
845 1216 945 1290 habet,

165 1355 168 1358 ,
211 1301 325 1361 Littore
341 1308 415 1374 quot
429 1300 580 1371 conchae,
600 1306 644 1359 tot
658 1306 730 1359 sunt
745 1299 776 1358 in
791 1315 894 1358 amore
910 1299 1045 1359 dolores.

143 1395 201 1447 520
254 1384 337 1457 Quae
351 1384 495 1458 patimur,
515 1383 608 1442 multo
625 1383 743 1456 spicula
758 1383 827 1441 lelle
841 1382 972 1442 madent.

211 1467 299 1528 Dicta
313 1469 369 1526 crit
384 1468 448 1527 isse
462 1467 560 1537 toras,
586 1481 677 1539 quam
691 1473 725 1526 tu
739 1467 871 1526 sortasse
886 1465 1021 1526 videbis=

213 1604 215 1609 ,
253 1551 320 1610 Isse
335 1552 434 1621 loros,
457 1557 487 1609 et
499 1557 529 1608 te
544 1549 622 1608 falsa
637 1549 742 1608 videre
759 1557 842 1623 puta.

208 1633 322 1694 Clausa
336 1633 389 1692 tibi
404 1633 492 1694 luerit
506 1632 660 1707 promissa
674 1633 765 1692 ianua
779 1639 884 1692 nocte:

251 1715 354 1788 Perfer
369 1724 399 1776 et
413 1715 560 1775 inmunda
573 1731 689 1790 ponere
704 1730 817 1790 corpus
832 1715 935 1776 humo.

143 1809 196 1860 525
207 1799 348 1859 Forsitan
363 1805 393 1858 et
408 1800 492 1859 vultu
505 1798 638 1858 mendax
653 1799 763 1858 aneilla
778 1797 913 1872 superbo

251 1882 338 1942 Dicet
352 1883 442 1955 ‘quid
454 1890 580 1943 nostras
592 1881 714 1942 obsidet
727 1882 786 1940 isle
801 1882 916 1940 lorest’

126 1973 129 1994 ¹
208 1963 349 2026 Postibus
364 1971 393 2023 et
408 1965 503 2024 durae
519 1964 652 2040 supplex
665 1964 805 2024 blandire
822 1964 951 2039 puellae,

249 2047 287 2107 Et
303 2048 394 2122 capiti
409 2048 548 2122 demptas
563 2048 674 2108 infore
689 2064 770 2122 pone
784 2063 884 2116 rosas.

209 2130 283 2192 Cum
298 2130 394 2205 volet,
418 2131 559 2192 accedes.
580 2147 648 2190 corn
662 2139 692 2191 te
705 2131 826 2203 vitabit,
849 2129 957 2190 abibis.
999 2166 1002 2170 -

140 2220 195 2274 530
248 2213 383 2293 Dedecet
397 2214 547 2287 ingenuos
562 2214 665 2273 taedia
678 2215 757 2274 serre
773 2215 830 2274 sui.

208 2295 456 2371 ‘Effugerehunc
469 2313 531 2356 non
547 2301 604 2356 est’
622 2313 716 2371 quare
731 2297 785 2357 tibi
800 2297 901 2372 possit
915 2297 1013 2356 amica

247 2379 377 2438 Diceret
399 2395 460 2438 non
475 2379 707 2455 omnitempore
722 2395 833 2441 sensus
847 2381 946 2440 adest.

204 2461 267 2524 Nec
282 2461 442 2520 maledicta
457 2463 543 2537 puta,
566 2479 623 2522 nec
637 2462 766 2523 verbera
781 2465 861 2523 ferre
878 2464 998 2538 puellae

246 2543 362 2618 Turpe,
384 2559 441 2604 nec
457 2545 496 2604 ad
510 2552 633 2608 teneros
649 2548 757 2607 oscula
770 2548 850 2606 ferre
864 2547 972 2621 pedes.

138 2634 191 2687 535
203 2626 281 2700 Quid
295 2643 398 2686 moror
415 2628 446 2686 in
458 2629 585 2702 parvis?
615 2630 743 2690 Animus
759 2629 925 2690 maioribus
941 2630 1042 2688 instat.

245 2709 358 2785 Magna
372 2726 488 2770 canam.
511 2720 574 2772 toto
589 2720 729 2788 pectore,
752 2713 876 2786 vulgus,
901 2711 986 2772 ades.

202 2793 309 2852 Ardua
322 2795 470 2854 molimur.
496 2796 553 2855 sed
567 2797 664 2869 nulla,
686 2797 745 2856 nisi
760 2796 871 2870 ardua,
893 2796 998 2855 virtus.

244 2876 382 2936 Difficilis
396 2884 501 2938 nostra
514 2879 651 2952 poscitur
665 2887 729 2939 arte
746 2879 842 2939 labor.

202 2957 339 3019 Rivalem
355 2961 503 3035 patienter
518 2960 611 3034 habe,
634 2962 762 3022 victoria
776 2971 876 3022 tecum
934 2995 937 3000 -

136 3046 189 3100 540
244 3039 350 3100 Stabit.
374 3043 433 3102 eris
449 3045 550 3118 magni
567 3046 707 3106 victorin
723 3044 797 3106 orbe
812 3046 905 3106 lovis.

143 3183 146 3188 .
200 3122 284 3182 Haec
298 3124 352 3184 tibi
367 3141 429 3185 non
441 3125 610 3202 hominem,
633 3129 690 3188 sed
706 3143 837 3204 quercus
854 3127 945 3186 crede
958 3124 1110 3199 Pelasgas

242 3206 360 3267 Dicere.
384 3208 426 3266 nil
439 3210 506 3269 istis
523 3227 572 3274 ars
590 3227 659 3272 mea
673 3213 770 3272 maius
788 3211 889 3272 hebet.

199 3289 307 3349 innuet
320 3291 390 3350 illa..
407 3292 498 3354 feras.
520 3293 655 3354 scribet..
672 3311 710 3356 ne
724 3303 816 3370 tange
829 3293 973 3354 tabellas=

241 3372 329 3431 Unde
344 3375 440 3448 volet,
463 3377 572 3435 veniat.
596 3393 720 3450 quoque
735 3378 853 3451 libebit,
877 3385 935 3438 eet.

134 3457 187 3508 545
199 3450 264 3510 Hoc
279 3454 309 3511 in
325 3455 456 3527 legitima
470 3466 626 3531 praestant
640 3475 738 3519 uxore
753 3461 859 3533 mariti,

1109 576 1114 580 ·
1179 557 1188 604 i

1177 714 1188 802 l
