2498 4008
482 265 509 338 Ι,
531 261 591 326 145
604 297 642 310 -
653 264 725 328 220.

177 416 294 476 Parcite
311 415 428 474 natales
444 415 540 476 timidi
555 431 713 476 numerare
729 418 871 478 deorum:

221 498 402 558 Caesaribus
418 501 515 558 virtus
532 500 656 572 contigit
672 508 741 560 ante
757 501 846 561 diem.
948 545 951 552 Δ

4 591 5 596 ’
114 592 165 646 185
176 583 332 656 Ingenium
347 582 479 642 caeleste
495 583 559 641 suis
576 583 713 643 velocius
729 583 816 643 annis

221 665 334 739 Surgit,
359 674 388 725 et
403 665 533 740 ignavae
547 665 696 725 lert-male
711 669 822 726 damna
836 682 954 736 morae,

175 749 293 809 Parvus
308 757 387 820 erat,
408 749 610 822 manibusque
626 750 704 809 duos
720 750 894 828 Tirynthius
911 765 1027 822 angues

218 832 347 906 Pressit,
369 839 399 891 01
413 833 444 891 in
460 833 546 892 cunis
563 834 622 890 iam
637 833 710 892 Iove
726 833 835 908 dignus
852 840 925 892 erat.

175 916 261 976 Nune
277 931 400 990 quoque
416 916 467 990 qui
482 931 560 990 puer
571 931 620 986 eS,
637 925 768 990 quantus
780 924 857 990 tum,
872 915 1002 990 Bacche,
1018 915 1110 990 luisti,

114 1007 165 1061 190
219 1001 290 1060 Cum
305 998 401 1058 timuit
414 999 540 1076 thyrsos
556 998 642 1058 ludia
657 1000 737 1059 victa
750 1007 840 1060 tuos?

168 1081 331 1154 *Auspiciis
348 1082 519 1156 animisque
533 1082 644 1154 patris,
665 1098 755 1156 puer,
779 1099 862 1141 arma
877 1081 1025 1156 movebiS,
1137 1125 1143 1134 .

216 1165 253 1222 Et
268 1164 372 1222 vinces
389 1165 497 1222 animis
513 1164 721 1238 auspiciisque
737 1165 841 1238 patris.

176 1247 245 1305 Tale
259 1245 462 1305 rudimentum
476 1245 631 1316 tantqsub
646 1246 767 1305 nornine
784 1247 888 1317 debes,

218 1329 302 1387 Nunc
319 1329 462 1387 iuvenum
478 1327 636 1402 princeps,
658 1329 768 1388 deinde
784 1331 882 1388 future
898 1344 1014 1388 senum.

110 1419 162 1474 195
175 1412 247 1471 Cum
262 1411 314 1470 tibi
331 1413 390 1471 sint
405 1413 529 1485 iratreS,
549 1412 659 1472 iratres
673 1413 956 1480 ulciscerelaesosa

219 1495 354 1570 Cumque
369 1504 456 1570 pater
469 1495 522 1554 tibi
537 1495 590 1568 sit,
613 1496 678 1555 iura
693 1505 777 1556 tuere
794 1496 898 1571 patris.

174 1578 275 1638 induit
289 1595 371 1638 arma
386 1579 439 1638 tibi
455 1578 573 1652 genitor
586 1580 765 1654 patriaeque
779 1589 926 1655 tuusque:

216 1661 320 1720 Hostis
336 1661 374 1722 ab
389 1662 483 1721 invito
498 1676 594 1734 regna
608 1670 734 1736 parente
748 1663 836 1737 rapit.

175 1744 217 1802 Tu
233 1745 284 1818 pia
298 1745 357 1803 tela
373 1743 471 1817 ieraS,
494 1743 659 1804 sceleratas
674 1746 724 1804 ille
739 1747 882 1820 sagittas:

110 1835 164 1890 200
204 1825 314 1886 'Stabit
327 1843 384 1901 pro
400 1827 497 1902 signis
513 1827 622 1900 iusque
639 1829 783 1902 piumque
798 1833 867 1888 tuis.

154 1939 156 1943 ·
174 1911 343 1970 Vincuntur
357 1926 452 1972 causa
464 1909 574 1971 Parthi.
596 1911 756 1969 vincantur
772 1919 801 1970 et
815 1913 918 1973 armis.

216 1991 298 2054 ans
312 1993 398 2053 Latio
414 1994 478 2053 dux
492 2009 579 2053 meus
595 1994 688 2054 addat
703 2009 791 2068 opes.

174 2077 319 2150 Marsque
333 2084 420 2151 pater
435 2077 610 2150 Caesarque
623 2085 724 2152 pater,
746 2079 816 2138 date
830 2092 941 2138 numen
956 2078 1053 2138 eunti:

216 2159 292 2218 Nam
308 2160 385 2221 deus
401 2177 418 2219 e
433 2160 523 2220 vobis
539 2163 676 2234 altares,
700 2160 774 2220 alter
789 2161 859 2220 eris.

110 2252 163 2306 205
177 2243 330 2316 Auguror,
355 2259 408 2316 cn,
433 2243 550 2303 vinces.
570 2244 734 2318 votivaque
749 2245 883 2304 earmina
896 2244 1033 2319 reddam,

216 2327 253 2386 Et
267 2343 377 2400 magno
393 2327 483 2386 nobis
499 2341 552 2386 ore
567 2328 725 2386 sonandus
743 2329 814 2386 eris.

176 2410 345 2483 Consisles,
370 2412 529 2485 aciemque
543 2412 619 2470 meis
635 2410 795 2470 hortabere
809 2410 926 2470 verbis,

219 2491 241 2550 0
259 2493 358 2552 desint
374 2495 482 2554 animis
498 2510 537 2552 ne
552 2511 620 2554 mea
634 2493 729 2553 verba
744 2496 818 2554 tuis!
886 2535 889 2539 -

13 2589 17 2597 ·
127 2626 132 2634 ,
173 2575 334 2651 Tergaque
346 2576 524 2638 Parthorum
538 2578 737 2653 Romanaque
756 2586 881 2652 pectora
896 2577 1004 2652 dicam,

109 2669 162 2722 210
214 2658 361 2735 Telaque,
386 2661 424 2720 ab
441 2677 552 2722 averso
571 2678 649 2736 quae
664 2663 733 2720 iacit
745 2661 843 2720 hostis
859 2676 949 2734 equo.

175 2743 230 2816 Qui
246 2743 327 2817 iugis
342 2745 512 2820 ulvineas,
536 2747 609 2819 quid
625 2746 718 2816 vieto,
741 2744 863 2818 Parthe,
886 2743 1056 2818 relinquisl

215 2826 337 2902 Parthe,
361 2829 472 2889 malum
486 2827 546 2888 iam
561 2845 641 2892 nune
655 2829 737 2888 Mars
752 2835 820 2888 tuus
837 2843 927 2888 omen
940 2826 1043 2887 babet.

173 2909 254 2984 Ergo
271 2911 328 2971 erit
342 2911 392 2971 illa
408 2913 489 2984 dies,
515 2921 632 2989 quatu,
655 2911 857 2986 pulcherrime
871 2927 980 2986 rerum,

218 2995 363 3068 Quattuor
378 2997 407 3054 in
423 2996 521 3056 niveis
536 3013 645 3057 aureus
659 2996 718 3054 ibis
734 2997 830 3070 equis.

107 3085 162 3141 Ι215
174 3077 261 3138 Ibunt
275 3085 344 3138 ante
358 3079 454 3152 duces
470 3082 584 3140 onerati
601 3081 679 3138 eolla
694 3079 819 3152 catenis,

167 3168 172 3174 '
217 3161 260 3220 Ne
275 3163 395 3237 possint
408 3164 476 3235 tuti,
500 3174 561 3238 qua
576 3163 674 3237 prius,
698 3178 769 3222 esse
783 3163 864 3237 tuga.

176 3245 363 3322 Spectabunt
377 3248 446 3306 laeti
462 3247 588 3306 iuvenes
603 3247 778 3322 mixtaeque
793 3247 922 3320 puellae,

216 3325 433 3407 Diffundel'que
447 3331 564 3391 animos
581 3329 720 3390 omnibus
739 3331 797 3388 ista
811 3329 887 3388 dies.

173 3413 275 3487 Atque
290 3415 392 3490 aliqua
409 3415 520 3475 exiliis
537 3429 604 3474 eum
619 3429 724 3488 regum
741 3413 864 3470 nomina
880 3416 1014 3486 quaeret,

105 3505 161 3557 220
215 3497 298 3570 Quae
313 3499 394 3574 loca,
419 3498 470 3573 qui
486 3506 619 3574 monteS,
640 3510 758 3574 quaeve
768 3495 906 3559 terantur
920 3507 1029 3569 aquae,
