2488 4006
267 231 333 290 xv.
353 231 458 309 [xvc]
483 229 673 290 rnulors
697 221 757 292 232
772 232 894 293 -222,
1031 225 1090 293 lat

126 447 127 450 Ἴ
157 383 241 442 Nunc
257 382 328 440 mihi
346 383 387 440 nil
402 389 559 457 superest,
579 382 636 441 nisi
653 391 696 454 te,
719 384 868 458 formosa,
893 381 1018 458 precari,

93 475 145 528 270
199 467 412 541 Amplectique
427 474 512 536 tuos,
537 466 562 524 si
580 468 708 539 patiere,
733 467 839 540 pedes.

158 549 180 608 0
199 550 310 623 decus,
333 567 351 609 o
369 565 515 622 praesens
531 549 718 622 geminorum
733 551 831 623 gloria
847 552 981 624 iratrum,

185 629 223 693 Ὀ
240 635 312 692 leve
331 633 423 706 digne
439 634 520 704 vire,
541 634 570 690 ni
585 635 657 692 love
672 642 743 692 nata
759 635 851 706 lares

155 717 217 775 Aut
233 732 291 791 ego
308 716 417 791 Sigeos
432 723 567 792 repetam
584 724 614 774 te
632 717 761 790 coniuge
778 726 893 790 portus,

114 827 124 838 ι
200 801 259 858 Aut
273 801 322 859 llic
336 802 484 860 Taenaria
499 808 644 873 contegar
659 803 730 860 exul
747 799 849 862 humo.

91 890 143 944 275
155 883 221 942 Ν22
238 899 306 942 mea
321 892 392 942 sunt
407 899 525 943 summa
541 885 648 950 leviter
666 883 802 943 districto
818 886 926 960 sagitta

197 966 333 1037 Pectore.
357 967 518 1026 deseendit
533 967 643 1026 'vulnus
659 969 698 1026 ad
714 983 788 1027 ossa
804 984 913 1027 mcum.

155 1049 222 1108 Hoc
237 1050 339 1108 mihi...
353 1067 423 1108 nam
439 1057 577 1124 repeto...
597 1050 675 1122 lore,
697 1057 728 1109 ut
744 1065 762 1108 2
778 1053 910 1110 caeleste
926 1053 1035 1125 sagitta

198 1133 299 1205 Figer,
320 1139 385 1190 erat
399 1147 493 1190 verax
509 1133 674 1191 vaticinata
688 1148 787 1193 soror.

155 1215 248 1274 Parce
263 1216 365 1274 delum
382 1216 467 1286 latis,
489 1215 619 1288 Helene,
642 1223 857 1290 contempnere
872 1229 1020 1276 amorem:

88 1307 143 1359 282
198 1298 248 1358 Sic
264 1297 380 1357 habeas
396 1299 503 1357 laciles
517 1297 548 1356 in
564 1307 615 1358 tua
629 1305 702 1358 vote
717 1299 804 1359 deos,

155 1381 249 1440 lllulta
265 1382 387 1455 quidem
402 1383 541 1440 subeunt.
565 1382 622 1440 sed
637 1397 740 1441 eoram
753 1389 785 1442 ut
800 1385 886 1458 plura
901 1387 1070 1460 loquamur,
1151 1387 1154 1392 '

197 1465 314 1539 Excipe
331 1480 377 1523 me
393 1466 473 1524 lecto
489 1472 579 1525 nocte
596 1466 703 1525 silente
717 1474 779 1526 tuo.

72 1563 83 1576 ’
154 1549 202 1606 Aa
221 1549 318 1638 pudeta
331 1555 361 1606 et
375 1549 487 1606 metuis
500 1549 653 1608 Venerem
670 1544 817 1608 temerare
835 1551 980 1622 maritam,

198 1631 350 1704 Castaque
365 1632 488 1704 legitimi
503 1632 608 1690 lellere
622 1633 687 1690 iura
701 1633 780 1691 torit

86 1721 140 1776 285
154 1715 196 1772 A!
221 1714 343 1771 nimium
361 1713 492 1790 simplex
505 1715 637 1786 Helene,
662 1731 700 1773 ne
715 1715 830 1785 rustica
845 1715 959 1775 dicam:

196 1797 283 1856 Hanc
300 1797 408 1856 ieciem
426 1799 517 1872 eulpa
533 1809 627 1872 posse
644 1813 749 1858 cerere
764 1805 876 1874 putas?
907 1845 910 1850 ,

155 1883 215 1940 Aut
231 1881 340 1939 taciem
355 1888 470 1951 mutes,
494 1889 545 1940 aut
560 1881 604 1940 sis
621 1898 683 1940 non
699 1883 776 1941 dura
789 1896 919 1942 neeesse
934 1889 995 1941 aste
1050 1889 1054 1896 “

196 1964 247 2021 Lis
264 1973 312 2024 est
327 1980 395 2024 cum
412 1967 509 2024 lorma
524 1981 634 2040 magne
649 1965 822 2040 pudicitiae.

154 2047 289 2122 luppiler
303 2048 351 2106 his
370 2049 495 2123 gaudet,
518 2049 630 2122 gaudet
644 2051 750 2108 Venus
766 2064 859 2108 aurea
875 2050 971 2109 furtis,

85 2138 141 2190 292
193 2131 276 2189 Haec
289 2130 343 2189 tibi
359 2147 470 2205 nempe
486 2139 601 2206 patrem
617 2133 696 2191 lurtu
714 2133 827 2191 dedere
843 2132 957 2192 Iovem.

154 2215 215 2271 Vix
232 2214 311 2286 lieri,
335 2214 361 2272 si
378 2222 449 2274 sunt
465 2215 545 2274 vires
560 2216 590 2273 in
607 2217 723 2274 semine
741 2231 866 2287 morum,

195 2297 232 2354 El
246 2297 329 2356 lovis
345 2305 374 2356 et
388 2297 492 2357 Ledae
506 2298 584 2371 filia,
609 2307 695 2358 easta
709 2306 807 2372 potes.

154 2380 243 2438 Casta
258 2387 356 2441 tamen
372 2388 434 2440 tum
450 2382 509 2452 sis,
530 2397 599 2440 cum
613 2389 642 2439 te
658 2397 725 2440 mee
739 2381 828 2440 Troia
843 2383 963 2453 tenebit,

194 2464 231 2521 Et
246 2470 297 2522 lua
312 2463 383 2536 sim,
406 2480 537 2538 quaese,
562 2465 688 2523 erimina
705 2466 790 2523 solus
807 2479 874 2538 ego.

85 2555 139 2608 295
151 2547 237 2604 Nunc
254 2561 290 2604 ea
307 2563 484 2620 peccemus,
506 2563 585 2622 quae
601 2549 731 2622 corriget
744 2549 821 2606 hora
836 2548 954 2622 iugalis,

195 2629 227 2688 Si
243 2632 338 2690 medo
354 2631 493 2706 promisit
510 2649 571 2692 222
588 2631 659 2690 mihi
675 2647 756 2690 vana
771 2632 889 2690 Venus.

153 2711 215 2773 Sed
231 2714 283 2771 tibi
299 2715 403 2774 etheo
419 2716 527 2774 suadet
541 2714 649 2788 rebus,
673 2731 732 2774 non
749 2731 842 2786 voce,
865 2716 1005 2774 maritus.

194 2798 278 2856 Neve
295 2799 342 2856 sui
359 2799 444 2857 lurtis
458 2799 591 2873 hospitis
610 2799 724 2871 obstet,
747 2799 843 2858 abest.
955 2857 957 2859 ,

151 2880 217 2938 Ν22
233 2880 338 2941 habuit
354 2890 489 2957 tempuS,
513 2899 574 2956 quo
592 2883 696 2942 Cresia
709 2898 803 2956 regne
817 2882 944 2955 videret,

85 2972 140 3026 300
193 2965 313 3037 Aptius.
337 2982 355 3025 o
371 2967 447 3026 mira
461 2967 624 3025 calliditate
639 2966 751 3025 virum!

154 3049 285 3118 lacerat,
309 3056 342 3108 ut
357 3050 438 3108 ldeci
457 3050 598 3108 mandem
613 3049 678 3107 tibi’
703 3049 778 3107 dixit
793 3049 888 3108 iturus

196 3131 317 3190 ‘Curam
337 3149 392 3207 pro
408 3133 497 3194 nobis
512 3133 658 3208 hospitiS,
683 3149 775 3203 uxor,
801 3135 898 3206 egos'
988 3187 993 3201 ,

151 3214 292 3288 Neclegis
308 3217 459 3287 absentis,
482 3224 593 3285 testor,
617 3215 882 3274 mandata'mariti.

194 3299 273 3358 Cura
287 3300 340 3359 tibi
355 3315 416 3360 non
434 3307 481 3358 est
495 3301 626 3374 hospitis
636 3300 703 3358 tilla
717 3300 769 3357 tui.

81 3391 138 3444 305
149 3381 291 3442 Huncine
307 3391 339 3442 lu
356 3399 464 3458 speres
482 3383 636 3442 hominem
651 3384 717 3442 sine
733 3387 857 3454 pectere
872 3379 961 3438 dotes

101 3493 103 3497 ·
192 3465 291 3526 Posse
307 3467 380 3526 setis
399 3469 529 3542 formae,
549 3466 701 3545 Tyndari,
724 3478 818 3522 nosse
834 3469 926 3523 lueet.

886 3547 924 3608 9*
