2488 4006
320 204 409 272 sur.
431 209 652 275 Pusaeus
672 209 826 273 ae-ee.
941 183 943 187 ’
1055 207 1097 274 et

167 365 227 436 En,
251 379 307 438 ego
324 377 419 435 nunc,
444 364 576 422 ne'lorte
588 376 694 438 parum
710 361 824 425 Minoia
839 363 955 438 credar,

210 449 242 506 ln
260 446 361 506 socias
380 447 464 520 leges
478 445 583 506 ultime
599 447 761 519 gentis'eo.

151 603 154 609 ¹
167 531 233 592 Hoc
249 545 372 605 quoque
389 529 478 588 fatale
493 536 549 607 est.
571 529 684 604 placuit
699 531 810 590 domus
828 545 890 590 une
905 529 1036 591 duabus

208 613 258 673 Me
272 621 324 673 tua
339 614 436 673 terma
451 613 540 687 capit.
561 620 650 686 cepta
665 621 790 688 parente
805 629 902 674 soror.

124 707 160 762 65
171 697 339 764 Theseides
353 695 553 770 Theseusque
568 697 645 756 duas
661 713 790 772 rapuere
806 711 940 758 sorores.
995 713 996 716 ¹

210 782 316 843 Ponite
332 779 371 840 de
385 787 490 840 nostra
502 779 575 840 b‘ma
588 785 715 854 tropaea
729 781 830 840 domo.
1019 847 1021 852 ,

168 863 319 941 Tempore
335 879 396 939 quo
411 862 500 924 nobis
516 863 588 924 inita
602 872 649 923 est
662 864 794 926 Cerealis
806 860 940 940 Eleusin,

213 941 327 1008 Gnosia
345 959 393 1008 me
407 948 516 1005 vellem
532 947 714 1016 detinuisset
726 948 846 1008 humus¹

169 1033 252 1092 Tunc
267 1031 338 1091 mihi
354 1029 536 1104 praecipue,
559 1045 616 1088 nee
631 1047 692 1090 non
706 1039 807 1090 temen
821 1039 891 1092 ante
907 1030 1069 1106 placebam

125 1123 162 1176 70
213 1116 295 1173 Acer
310 1115 339 1171 in
355 1115 498 1172 extremis
514 1112 639 1173 ossibus
653 1113 752 1172 haesit
769 1128 863 1173 amor.

171 1197 307 1267 Candida
322 1197 415 1256 vestis
430 1204 509 1268 erat,
531 1196 697 1271 praecineti
712 1195 789 1254 flore
802 1197 914 1282 capilli,

211 1280 305 1339 Flava
318 1279 511 1340 verecundus
526 1279 657 1340 tinxerat
671 1295 725 1338 ora
739 1279 846 1342 rubor:

143 1438 146 1446 ,
171 1365 326 1440 Quemque
340 1369 452 1424 vocent
466 1363 543 1422 eliae
556 1364 671 1422 vultum
682 1363 875 1438 rigidumque
888 1369 1076 1438 trucemque,

212 1448 271 1507 Pro
286 1447 401 1522 rigide,
422 1445 560 1507 Phaedra
576 1446 692 1519 iudice,
712 1448 798 1506 fortis
813 1455 887 1507 erat.

127 1539 162 1593 75
175 1530 241 1590 Sint
256 1533 362 1604 procul
378 1547 396 1588 a
410 1530 498 1589 nobis
513 1529 642 1590 iuvenes
655 1537 688 1590 ut
703 1531 814 1590 lemine
829 1530 956 1605 comptir
1018 1553 1020 1562 ¹

212 1613 285 1672 Fine
304 1615 363 1672 coli
378 1613 499 1672 modico
512 1613 610 1671 torma
624 1613 719 1674 virilis
735 1621 824 1672 amat.
925 1662 927 1670 ,

171 1699 213 1757 Te
228 1704 297 1755 tuus
313 1697 370 1755 iste
384 1696 481 1770 rigor,
504 1696 660 1770 positique
675 1696 741 1755 sine
757 1704 820 1756 erte
835 1697 945 1774 capilli,

215 1781 252 1839 Et
266 1780 344 1840 levis
359 1779 483 1854 egregie
500 1779 600 1853 pulvis
616 1780 647 1838 in
664 1794 721 1838 ore
732 1779 829 1839 decet.

175 1863 245 1923 Sive
261 1863 373 1922 lerocls
389 1863 460 1936 equi
475 1862 618 1932 luctantia
632 1864 711 1922 colle
725 1875 881 1936 recurvas,

130 1957 167 2008 80
217 1945 336 2020 Exiguo
352 1944 452 2006 flexos
467 1946 560 2007 miror
578 1947 608 2005 in
626 1947 700 2006 orbe
715 1947 826 2021 pedes:

175 2029 237 2091 Seu
251 2029 481 2090 lentumvalido
497 2037 623 2104 torques
639 2029 749 2090 hastile
763 2031 887 2105 lacerto,

217 2112 275 2173 Ora
290 2113 378 2172 ferox
394 2113 424 2172 in
439 2128 473 2174 se
489 2129 580 2174 verse
594 2115 728 2174 lacertus
742 2114 847 2174 babet:

177 2195 248 2256 Sive
260 2203 347 2257 tenes
361 2199 422 2257 lato
435 2197 589 2258 venabula
604 2213 717 2260 cornea
733 2199 823 2272 terro,

216 2281 354 2356 Denique
369 2286 474 2340 nostra
493 2281 581 2340 iuvas
597 2282 723 2354 lumina,
746 2279 893 2357 quiequid
909 2295 992 2356 agas.

108 2401 110 2406 .
130 2371 165 2424 85
176 2363 218 2422 Tu
234 2361 325 2423 modo
343 2363 483 2426 duritiem
499 2364 584 2426 silvis
601 2365 722 2443 depone
739 2365 867 2440 iugens.

216 2445 283 2505 Non
299 2463 365 2507 sum
380 2447 505 2508 materia
519 2447 611 2522 digna
622 2449 724 2523 perire
740 2455 802 2510 tua.
896 2466 899 2471 ’

176 2529 256 2603 Quid
270 2530 353 2591 iuvet
367 2531 516 2592 incinctae
531 2531 632 2592 studia
648 2547 792 2592 exercere
803 2532 930 2606 Dianae,

216 2613 254 2672 Et
269 2615 382 2674 Veneri
395 2630 540 2675 numeros
555 2615 707 2690 eripuisse
722 2619 819 2676 suost

176 2695 264 2769 Quod
282 2706 365 2759 caret
377 2698 493 2758 alterna
506 2700 626 2774 requie,
651 2699 787 2759 durabile
802 2713 863 2758 non
879 2703 941 2756 este

131 2787 169 2841 90
222 2777 305 2839 Haec
315 2787 441 2856 ‘reparet
455 2781 539 2841 vires
554 2783 700 2857 fessaque
713 2782 849 2842 membra
862 2782 964 2854 nouat.

175 2863 305 2923 Arcus...
322 2873 352 2926 et
365 2881 449 2926 arma
462 2871 533 2925 tuae
546 2865 599 2925 tibi
616 2873 685 2926 sunt
700 2865 846 2930 imitendn
859 2865 1006 2924 Dianae...

219 2945 252 3006 Si
266 2963 432 3024 numquam
447 2963 555 3010 cesses
569 2947 709 3024 tendere,
729 2949 829 3012 mollis
846 2949 911 3009 en‘t.

177 3029 282 3090 Clarus
298 3039 362 3092 enat
376 3031 464 3093 silvis
479 3031 646 3110 Cephalus,
668 3034 842 3109 multaeque
856 3049 912 3108 per
929 3031 1040 3092 herbas

220 3113 421 3176 Conciderant
436 3115 488 3176 illo
500 3117 690 3192 ‚percutiente
705 3119 803 3178 lenae:

131 3204 168 3258 95
180 3196 242 3258 Nec
260 3206 360 3260 tamen
375 3203 515 3262 Aurorae
529 3201 607 3260 male
621 3217 657 3262 se
670 3200 838 3277 praebebat
852 3201 1024 3262 amandum.

218 3280 284 3342 lbet
301 3283 438 3346 adhunc
456 3286 582 3360 sapiens
596 3301 614 3344 a
629 3299 703 3346 sene
717 3286 789 3346 diva
806 3285 883 3344 viro.
1096 3341 1102 3358 Ι,
1128 3334 1131 3339 .

178 3362 281 3440 Saepe
297 3367 353 3427 sub
370 3365 489 3428 ilicibus
503 3370 655 3429 Venerem
670 3369 843 3446 Cinyraque
860 3377 995 3428 creatum

219 3445 370 3590 sttinuit
380 3453 501 3528 positos
516 3453 668 3527 quaelibet
681 3452 775 3514 herba
792 3452 881 3512 duos,

132 3544 217 3590 cvm.
256 3576 262 3590 .
736 3589 738 3592 ,
929 3536 946 3591 6
