2498 4008
478 275 505 345 Ι,
528 273 724 336 221-200,

2 494 3 509 χ
160 475 163 482 ,
180 425 261 484 Ecce
279 423 473 484 suburbanae
488 427 633 500 templum
647 428 801 491 nemorale
816 427 931 488 Dianae

116 517 170 571 200
221 508 372 582 Partaque
386 525 442 582 per
457 509 576 583 gladios
590 525 685 582 regna
700 518 829 570 nocente
845 527 945 572 manu.

181 592 235 650 illa
251 593 334 666 quod
350 600 397 652 est
411 591 513 666 virgo,
534 593 618 664 quud
631 594 691 651 tela
706 594 862 667 Cupidinis
878 595 949 668 odit,

222 675 315 734 Multa
331 675 415 735 dedit
430 677 544 750 populo
560 677 700 748 vulnera,
723 679 817 736 multa
833 676 924 736 dabit.

179 757 349 832 Hactenus,
373 759 455 818 unde
470 759 555 832 legas
571 760 655 834 quod
671 775 769 834 ames,
792 761 843 819 ubi
857 761 933 819 retia
947 777 1056 835 ponas,

222 842 372 916 Praecipit
385 843 551 920 imparibus
568 850 655 902 vecta
669 843 782 902 Thalea
795 843 880 902 rotis.

113 924 261 986 205Νοηο
276 923 343 1000 tibi,
367 942 446 1000 quae
460 926 586 999 placuit,
611 942 687 1000 quas
704 927 742 985 sit
757 927 906 999 capienda
920 943 975 1001 per
989 935 1084 1001 artes,

222 1009 330 1068 Dicere
346 1009 530 1083 praecipuae
545 1009 653 1068 molior
667 1010 739 1068 artis
756 1024 844 1084 opus.

181 1091 324 1164 Quisquis
339 1091 467 1164 ubique,
490 1091 563 1174 viy‘,
587 1091 703 1151 dociles
719 1092 867 1151 advertite
882 1100 1009 1167 mentes,

67 1203 85 1234 s
154 1219 158 1228 .
222 1173 428 1246 Pollicitisque
442 1175 564 1245 favens,
585 1175 710 1246 vulgus,
734 1174 840 1232 adeste
854 1174 939 1232 meis.

180 1255 279 1314 Prima
293 1263 363 1314 tuae
378 1257 469 1314 menti
486 1256 587 1314 veniat
600 1255 727 1327 fiducia,
749 1263 875 1315 cunctas

114 1347 168 1400 270
220 1340 316 1398 Posse
332 1339 408 1413 capi.
431 1339 551 1413 capies,
571 1346 605 1398 tu
619 1338 710 1397 modo
726 1339 817 1398 tende
833 1339 951 1412 plagas.

180 1424 261 1482 Vere
276 1423 360 1495 prius
375 1423 519 1483 volucres
533 1429 667 1498 taceant,
688 1429 803 1482 aestate
819 1421 953 1494 cicadae,

221 1505 390 1565 Maenalius
405 1507 503 1580 lepori
518 1506 569 1565 det
584 1522 640 1565 sua
654 1513 739 1579 terga
754 1506 847 1574 canis,

180 1588 304 1670 Femina
320 1605 410 1662 quam
426 1591 526 1648 iuveni
541 1588 653 1648 blande
667 1595 811 1664 temptata
824 1595 980 1663 repugnet.

221 1671 304 1730 Haec
323 1686 459 1744 quoque,
480 1687 570 1746 quam
588 1672 700 1745 poteris
717 1673 843 1737 credere
859 1673 956 1745 nolle,
977 1672 1071 1732 volet.

112 1762 165 1816 ‘275
175 1754 275 1828 thue
288 1755 356 1818 ,viro
372 1755 481 1812 furtiva
496 1769 608 1827 00000,
633 1755 678 1813 sic
692 1764 778 1828 grata
792 1756 926 1830 puellae:

220 1839 275 1896 Vir
289 1839 367 1896 male
383 1837 561 1897 dissimulat.
584 1837 692 1897 tectius
710 1838 762 1897 illa
777 1839 868 1913 cupit.

180 1921 347 1980 Conveniat
362 1920 512 1996 maribus,
534 1936 664 1994 nequam
679 1937 737 1981 nos
753 1930 823 1981 ante
838 1936 991 1996 rogemuS,

220 2003 345 2064 Femina
358 2004 418 2063 iam
432 2011 535 2079 partes
550 2005 631 2064 victa
645 2005 781 2078 rogantis
796 2011 875 2078 agat.
939 2010 943 2018 '

178 2088 322 2148 Mollibus
338 2089 367 2146 in
383 2089 478 2164 pratis
493 2089 627 2163 admugit
641 2089 753 2147 lemina
767 2096 868 2148 tauro:

112 2182 166 2234 280
217 2172 342 2231 Femina
357 2171 515 2246 cornipedi
531 2187 653 2246 semper
667 2172 804 2231 adhinnit
816 2186 907 2246 equo.

178 2255 301 2314 Parcior
315 2256 345 2313 in
361 2257 451 2316 nobis
465 2270 522 2314 000
537 2264 598 2314 tam
612 2256 728 2315 furiosa
742 2255 846 2314 libido.

218 2339 396 2412 Legitimum
411 2339 504 2410 finem
517 2338 639 2399 ilamma
653 2339 749 2399 virilis
763 2337 864 2397 habet.

177 2421 311 2500 Byblida
326 2422 399 2497 quid
413 2423 557 2498 reseram,
579 2421 671 2483 vetito
688 2437 766 2497 quae
782 2421 882 2480 iratris
897 2435 1004 2480 amore

221 2506 318 2576 Arsit,
342 2513 371 2564 et
385 2513 432 2566 est
444 2507 554 2580 laqueo
570 2508 686 2567 fortiter
700 2506 760 2565 ulta
774 2505 884 2564 natast

114 2598 166 2650 285
178 2587 305 2665 Myrrha
318 2596 451 2662 patrem,
475 2590 606 2649 sednon
622 2607 683 2664 qua
697 2589 758 2650 filia
774 2589 878 2661 debet,
901 2587 1022 2660 amavit,

220 2672 258 2731 Et
272 2687 352 2732 nunc
368 2673 500 2732 obducto
517 2674 628 2734 cortice
644 2689 753 2748 pressa
769 2674 850 2730 latet.
898 2723 914 2752 a

178 2755 261 2814 lllius
276 2756 424 2829 lacrimis,
449 2771 525 2832 quas
543 2757 651 2816 arbore
667 2757 764 2816 fundit
778 2755 885 2828 odora,

220 2840 400 2914 Unguimur,
422 2846 451 2898 et
465 2840 606 2901 dominae
620 2841 742 2900 nomina
756 2847 840 2914 gutta
853 2844 944 2897 tenet.

177 2921 266 2982 Forte
281 2923 338 2982 sub
354 2924 508 2985 umbrosis
523 2939 704 2984 nemorosae
719 2921 848 2982 vallibus
866 2921 941 2980 ldae

112 3015 165 3068 290
218 3006 390 3081 Candidus,
412 3008 538 3067 armenti
554 3007 665 3082 gloria,
685 3015 790 3066 taurus
805 3013 877 3078 erat,

178 3089 321 3166 Signatus
336 3093 418 3151 tenui
432 3089 532 3151 media
546 3092 624 3151 iuter
639 3106 753 3151 cornua
767 3090 870 3168 nigro:

219 3175 286 3234 Una
302 3175 357 3234 luit
371 3175 470 3250 10000,
495 3182 596 3236 000000
610 3175 696 3234 lactis
713 3179 807 3233 erant.

176 3258 262 3318 lllum
279 3258 530 3334 Gnossiadesque
546 3259 773 3336 Cydoneaeque
788 3257 936 3317 iuvencae
1005 3254 1006 3258 ’

221 3341 369 3418 Optarunt
380 3350 465 3416 tergo
482 3343 664 3402 sustinuisse
680 3357 756 3402 suo·

108 3435 162 3491 295
173 3425 326 3500 Pasiphae
341 3427 406 3486 lieri
421 3425 573 3500 gaudebat
587 3425 723 3486 adultera
737 3421 824 3484 tauri.

219 3511 327 3572 Invida
342 3512 517 3572 lormunsas
532 3509 639 3570 oderat
652 3508 703 3567 illa
715 3507 823 3566 boves.
