2488 4006
317 223 320 227 ·
408 198 445 258 V.
470 197 651 260 OENONE
673 196 848 262 trs-149.
1093 198 1137 264 87

239 351 323 426 Quae
337 350 415 410 levis
429 349 565 410 assiduis
582 351 700 412 solibus
715 359 786 414 usta
798 345 885 428 riget.

196 435 263 495 Hoo
278 439 360 495 tua...
378 449 448 494 nam
464 433 602 494 reeolo..
618 434 775 508 quondam
788 442 934 511 germana
948 435 1084 508 canebat,
1167 461 1171 507 t

240 517 291 578 Sio
308 516 381 576 mihi
398 515 521 576 diffusis
535 517 700 578 vatieinata
717 520 813 579 eomis

131 601 319 676 115³Quidt
318 601 399 673 acis,
418 598 564 660 Oenone?
591 601 671 676 Quid
685 602 819 662 harenae
834 617 953 664 semma
964 602 1115 662 mandast

237 685 303 746 Non
321 684 505 760 profecturis
524 685 625 746 littora
639 685 740 746 bubus
757 701 837 746 aras.

198 768 312 828 Graia
304 782 435 828 ruvenea
449 769 547 841 venit,
573 783 652 842 quae
669 777 699 828 te
714 769 906 845 patriamque
921 771 1108 846 domumque

238 851 394 912 Perdat!
384 867 416 910 ro
432 851 577 926 prohibe!
605 850 718 914 Graia
710 868 842 914 iuvenca
857 854 953 914 venit!

196 937 274 995 Dum
288 936 373 1010 licet,
397 934 563 995 obseenam
578 943 672 1010 ponto
691 937 857 1011 demergite
875 938 1019 1015 puppimt

130 1029 183 1080 120
235 1020 317 1092 Heu,
344 1027 489 1094 quantum
503 1017 626 1095 Phrygii
646 1019 804 1094 sanguinis
819 1021 871 1080 illa
884 1021 995 1081 vehitt’

194 1103 328 1162 Dixerat.
351 1101 381 1159 iu
398 1116 490 1161 eursu
505 1101 636 1160 famulae
651 1117 783 1176 rapuere
797 1103 956 1162 furentem.

138 1212 144 1220 «
236 1187 276 1244 At
290 1183 363 1250 mihi
378 1181 529 1246 flaventes
544 1183 697 1258 diriguere
712 1199 829 1245 comae.

193 1268 257 1327 Aht
281 1266 405 1327 nimium
420 1267 550 1327 miserae
563 1274 651 1328 vates
666 1265 739 1326 mihi
755 1283 828 1329 vera
843 1267 938 1328 fuisti.

235 1351 393 1426 Possidet,
417 1366 470 1424 en,
492 1353 589 1412 saltus
606 1349 697 1411 Graia
711 1351 841 1413 iuvenca
857 1359 960 1412 meost

131 1445 179 1498 125
194 1434 240 1496 Sit
253 1434 331 1494 faeie
346 1435 487 1510 quamvis
502 1435 647 1509 insignis,
670 1434 810 1496 adultera
824 1441 907 1496 eerte
921 1443 977 1496 est.

235 1519 378 1579 Deseruit
393 1519 497 1580 soeios
511 1518 635 1594 hospite
651 1525 741 1594 capta
756 1519 843 1578 deos.

193 1602 279 1662 Illam
295 1601 335 1660 de
346 1600 447 1676 patria
463 1601 633 1674 Theseus..
652 1601 711 1662 nisi
726 1603 849 1663 nomine
864 1604 983 1664 fallor...

76 1751 79 1756 ,
235 1683 347 1744 Nescio
364 1683 432 1759 quis
449 1683 587 1744 Theseus
602 1684 726 1746 abstulit
744 1692 814 1746 ante
828 1702 895 1747 sua.

192 1769 222 1828 A
236 1768 347 1829 iuvene
362 1774 391 1828 et
407 1768 519 1842 cupido
537 1767 679 1838 credatur
696 1768 817 1828 reddita
831 1769 942 1844 virgea

132 1861 183 1914 130
234 1851 324 1912 Unde
337 1851 397 1914 hoo
413 1852 605 1926 conpererim
619 1859 682 1911 tarn
697 1850 790 1925 bene,
812 1853 958 1926 quaerisa
979 1869 1057 1914 amo.

193 1936 264 1994 Vim
279 1935 349 1995 lieet
363 1937 516 2010 appelles,
540 1941 570 1996 et
585 1936 705 2010 eulpam
720 1935 843 1996 nomine
858 1937 958 1996 velesr
1154 1934 1158 1941 “

237 2017 320 2092 Quae
334 2021 446 2078 totiens
460 2026 549 2094 rapta
564 2025 625 2090 est,
648 2017 789 2094 praebuit
804 2019 873 2094 ipsa
885 2018 962 2094 rapi.

192 2103 233 2163 At
247 2110 348 2161 manet
363 2101 488 2162 Oenone
503 2103 617 2162 fallenti
634 2109 719 2162 easta
734 2102 857 2162 maritet

233 2185 271 2245 Et
284 2192 409 2259 poteras
426 2186 488 2244 falti
502 2185 621 2260 legibus
637 2186 706 2260 ipse
723 2187 793 2246 tuis.

129 2276 179 2330 135
191 2268 240 2327 irie
255 2269 352 2346 satyri
367 2269 515 2328 celeres...
532 2269 617 2328 silvis
633 2283 691 2343 ego
706 2275 787 2329 tecta
800 2269 963 2330 latebam...

236 2352 434 2425 Quaesierunt
450 2353 574 2428 rapido,
598 2353 686 2413 turba
701 2359 861 2428 proterva,
884 2352 973 2428 pede,

195 2436 452 2510 Cornigerumque
470 2443 562 2510 eaput
578 2437 650 2511 pinu
664 2436 857 2510 praecinctus
876 2442 965 2495 acuta

235 2519 373 2592 Faunus,
396 2520 426 2578 in
442 2519 588 2580 inmensis
604 2535 665 2595 qua
679 2527 773 2580 tumet
787 2519 842 2578 Ida
858 2519 947 2594 iugis.

33 2631 40 2648 ι
129 2609 179 2664 139
190 2602 240 2661 Me
256 2601 318 2661 fide
337 2602 522 2678 conspicuus
537 2602 645 2662 Troiae
661 2605 791 2663 munitor
806 2603 927 2662 amavit.

137 2719 179 2728 -
232 2684 287 2744 lile
300 2701 388 2745 meae
403 2687 535 2761 spolium
551 2685 729 2761 virginitatis
743 2685 844 2760 habet,

137 2801 179 2811 -
190 2768 222 2828 ld
240 2784 365 2843 quoque
380 2770 532 2829 luctando.
553 2769 621 2845 rupi
636 2777 737 2830 tamen
750 2783 852 2844 ungue
868 2765 1006 2843 capilioS,

136 2885 180 2896 -
233 2851 355 2928 Oraque
370 2861 442 2913 sunt
455 2854 556 2929 digitis
576 2869 689 2928 aspera
704 2854 786 2914 faeta
800 2851 886 2913 meis

67 2934 69 2939 '
136 2935 250 2994 -Neo
267 2937 395 3010 pretium
410 2938 508 3012 stupri
522 2953 658 3012 gemmas
674 2951 843 3011 aurumque
857 2936 1003 3011 poposci:

137 3049 180 3060 —-
231 3020 371 3094 turpiter
385 3022 550 3094 ingenuum
562 3037 688 3082 munera
703 3035 816 3095 eorpus
834 3026 946 3080 emunt.

25 3119 27 3124 ·
138 3103 276 3178 -Ipse,
298 3110 382 3164 ratus
399 3098 536 3178 dignam,
559 3105 696 3166 medieas
711 3104 783 3163 mihi
798 3103 922 3164 tradidit
936 3109 1017 3162 artes

128 3192 179 3246 146
231 3186 425 3261 Admisitque
440 3203 525 3248 meas
541 3188 653 3249 adsue
668 3189 750 3249 dona
762 3203 881 3247 manus,

192 3269 407 3346 Quaecumque
421 3271 517 3331 herba
530 3279 640 3346 potens
656 3271 696 3331 ad
711 3287 802 3347 opem
816 3269 967 3344 radixque
980 3266 1123 3328 medendi
1233 3285 1236 3290 ·

232 3353 319 3415 Utilis
337 3355 367 3414 in
382 3361 446 3415 toto
462 3356 596 3416 nascitur
610 3355 698 3428 orbe,
720 3369 790 3413 mea
803 3358 859 3411 est.

189 3436 239 3496 Me
254 3438 412 3512 miseram,
434 3438 518 3514 quod
533 3455 619 3498 amor
633 3453 695 3499 non
710 3443 757 3496 est
771 3435 960 3497 medicabilis
974 3435 1094 3496 herbist
