<?xml version="1.0" encoding="UTF-8"?>
<!DOCTYPE html PUBLIC "-//W3C//DTD XHTML 1.0 Transitional//EN"
    "http://www.w3.org/TR/xhtml1/DTD/xhtml1-transitional.dtd">
<html xmlns="http://www.w3.org/1999/xhtml" xml:lang="en" lang="en">
 <head>
  <title>
</title>
<meta http-equiv="Content-Type" content="text/html;charset=utf-8" />
  <meta name='ocr-system' content='tesseract 3.04.00' />
  <meta name='ocr-capabilities' content='ocr_page ocr_carea ocr_par ocr_line ocrx_word'/>
</head>
<body>
  <div class='ocr_page' id='page_1' title='image "./povidiusnaso02merkgoog_0050.png"; bbox 0 0 2472 4010; ppageno 0'>
   <div class='ocr_carea' id='block_1_1' title="bbox 426 229 751 324">
    <p class='ocr_par' dir='ltr' id='par_1_1' title="bbox 426 229 751 324">
     <span class='ocr_line' id='line_1_1' title="bbox 426 229 751 324; baseline 0.012 -36"><span class='ocrx_word' id='word_1_1' title='bbox 426 229 751 324; x_wconf 22' lang='lat' dir='ltr'><strong>usses-&#39;aea</strong></span> 
     </span>
    </p>
   </div>
   <div class='ocr_carea' id='block_1_2' title="bbox 129 383 999 1627">
    <p class='ocr_par' dir='ltr' id='par_1_2' title="bbox 129 383 999 1627">
     <span class='ocr_line' id='line_1_2' title="bbox 211 383 836 458; baseline 0 -16"><span class='ocrx_word' id='word_1_2' title='bbox 211 385 348 444; x_wconf 78' lang='lat' dir='ltr'><strong>Vulnera</strong></span> <span class='ocrx_word' id='word_1_3' title='bbox 364 399 445 458; x_wconf 91' lang='lat' dir='ltr'><strong>quae</strong></span> <span class='ocrx_word' id='word_1_4' title='bbox 460 385 545 455; x_wconf 88' lang='lat' dir='ltr'><strong>lecit,</strong></span> <span class='ocrx_word' id='word_1_5' title='bbox 562 384 667 444; x_wconf 88' lang='lat' dir='ltr'>debuit</span> <span class='ocrx_word' id='word_1_6' title='bbox 680 383 749 458; x_wconf 87' lang='lat' dir='ltr'><strong>ipse</strong></span> <span class='ocrx_word' id='word_1_7' title='bbox 763 384 836 458; x_wconf 89' lang='lat' dir='ltr'><strong>pati.</strong></span> 
     </span>
     <span class='ocr_line' id='line_1_3' title="bbox 143 466 999 543; baseline -0.002 -13"><span class='ocrx_word' id='word_1_8' title='bbox 143 469 271 531; x_wconf 84' lang='lat' dir='ltr'><strong>5Mnllis</strong></span> <span class='ocrx_word' id='word_1_9' title='bbox 286 469 316 526; x_wconf 94' lang='lat' dir='ltr'><strong>in</strong></span> <span class='ocrx_word' id='word_1_10' title='bbox 331 466 512 541; x_wconf 84' lang='lat' dir='ltr'>obsequium</span> <span class='ocrx_word' id='word_1_11' title='bbox 529 467 688 541; x_wconf 83' lang='lat' dir='ltr'><strong>tacitisque</strong></span> <span class='ocrx_word' id='word_1_12' title='bbox 702 467 880 541; x_wconf 76' lang='lat' dir='ltr'><strong>rogantibus</strong></span> <span class='ocrx_word' id='word_1_13' title='bbox 895 481 999 543; x_wconf 84' lang='lat' dir='ltr'><strong>esses,</strong></span> 
     </span>
     <span class='ocr_line' id='line_1_4' title="bbox 212 551 854 626; baseline -0.002 -15"><span class='ocrx_word' id='word_1_14' title='bbox 212 551 245 612; x_wconf 87' lang='lat' dir='ltr'><strong>Si</strong></span> <span class='ocrx_word' id='word_1_15' title='bbox 260 559 329 612; x_wconf 89' lang='lat' dir='ltr'><strong>tuus</strong></span> <span class='ocrx_word' id='word_1_16' title='bbox 346 551 376 609; x_wconf 91' lang='lat' dir='ltr'><strong>in</strong></span> <span class='ocrx_word' id='word_1_17' title='bbox 395 551 504 625; x_wconf 83' lang='lat' dir='ltr'><strong>quavis</strong></span> <span class='ocrx_word' id='word_1_18' title='bbox 521 551 744 626; x_wconf 81' lang='lat' dir='ltr'><strong>praetepuisset</strong></span> <span class='ocrx_word' id='word_1_19' title='bbox 759 565 854 611; x_wconf 84' lang='lat' dir='ltr'><strong>amor.</strong></span> 
     </span>
     <span class='ocr_line' id='line_1_5' title="bbox 169 634 948 708; baseline 0 -13"><span class='ocrx_word' id='word_1_20' title='bbox 169 635 237 696; x_wconf 89' lang='lat' dir='ltr'><strong>Nun</strong></span> <span class='ocrx_word' id='word_1_21' title='bbox 252 643 283 695; x_wconf 90' lang='lat' dir='ltr'><strong>tu</strong></span> <span class='ocrx_word' id='word_1_22' title='bbox 299 642 388 694; x_wconf 88' lang='lat' dir='ltr'><strong>natus</strong></span> <span class='ocrx_word' id='word_1_23' title='bbox 405 649 501 708; x_wconf 84' lang='lat' dir='ltr'><strong>eque,</strong></span> <span class='ocrx_word' id='word_1_24' title='bbox 523 650 585 708; x_wconf 87' lang='lat' dir='ltr'><strong>non</strong></span> <span class='ocrx_word' id='word_1_25' title='bbox 601 634 729 694; x_wconf 82' lang='lat' dir='ltr'><strong>fortibus</strong></span> <span class='ocrx_word' id='word_1_26' title='bbox 743 635 825 694; x_wconf 89' lang='lat' dir='ltr'><strong>utilis</strong></span> <span class='ocrx_word' id='word_1_27' title='bbox 841 637 948 708; x_wconf 81' lang='lat' dir='ltr'><strong>armis,</strong></span> 
     </span>
     <span class='ocr_line' id='line_1_6' title="bbox 211 718 900 778; baseline -0.003 0"><span class='ocrx_word' id='word_1_28' title='bbox 211 719 326 778; x_wconf 85' lang='lat' dir='ltr'><strong>Bellica</strong></span> <span class='ocrx_word' id='word_1_29' title='bbox 341 735 402 778; x_wconf 88' lang='lat' dir='ltr'><strong>nun</strong></span> <span class='ocrx_word' id='word_1_30' title='bbox 418 718 545 778; x_wconf 82' lang='lat' dir='ltr'><strong>dextrae</strong></span> <span class='ocrx_word' id='word_1_31' title='bbox 560 719 704 778; x_wconf 78' lang='lat' dir='ltr'><strong>convenit</strong></span> <span class='ocrx_word' id='word_1_32' title='bbox 718 718 807 778; x_wconf 90' lang='lat' dir='ltr'><strong>hasta</strong></span> <span class='ocrx_word' id='word_1_33' title='bbox 821 725 900 778; x_wconf 88' lang='lat' dir='ltr'><strong>tuae.</strong></span> 
     </span>
     <span class='ocr_line' id='line_1_7' title="bbox 171 803 926 876; baseline -0.004 -14"><span class='ocrx_word' id='word_1_34' title='bbox 171 804 234 862; x_wconf 91' lang='lat' dir='ltr'><strong>Ista</strong></span> <span class='ocrx_word' id='word_1_35' title='bbox 249 819 351 862; x_wconf 78' lang='lat' dir='ltr'><strong>naeres</strong></span> <span class='ocrx_word' id='word_1_36' title='bbox 365 809 502 862; x_wconf 79' lang='lat' dir='ltr'><strong>tractent.</strong></span> <span class='ocrx_word' id='word_1_37' title='bbox 534 809 566 860; x_wconf 91' lang='lat' dir='ltr'><strong>tu</strong></span> <span class='ocrx_word' id='word_1_38' title='bbox 582 818 655 876; x_wconf 90' lang='lat' dir='ltr'><strong>spes</strong></span> <span class='ocrx_word' id='word_1_39' title='bbox 670 803 793 876; x_wconf 88' lang='lat' dir='ltr'><strong>depone</strong></span> <span class='ocrx_word' id='word_1_40' title='bbox 807 803 926 862; x_wconf 79' lang='lat' dir='ltr'><strong>viriles:</strong></span> 
     </span>
     <span class='ocr_line' id='line_1_8' title="bbox 131 886 901 960; baseline -0.003 -13"><span class='ocrx_word' id='word_1_41' title='bbox 131 895 163 948; x_wconf 84' lang='lat'><strong>10</strong></span> <span class='ocrx_word' id='word_1_42' title='bbox 217 886 294 947; x_wconf 90' lang='lat' dir='ltr'><strong>Sunt</strong></span> <span class='ocrx_word' id='word_1_43' title='bbox 306 886 359 945; x_wconf 86' lang='lat' dir='ltr'><strong>tibi</strong></span> <span class='ocrx_word' id='word_1_44' title='bbox 375 902 442 945; x_wconf 89' lang='lat' dir='ltr'><strong>eum</strong></span> <span class='ocrx_word' id='word_1_45' title='bbox 458 887 582 945; x_wconf 87' lang='lat' dir='ltr'><strong>domina</strong></span> <span class='ocrx_word' id='word_1_46' title='bbox 598 886 686 960; x_wconf 81' lang='lat' dir='ltr'><strong>signa</strong></span> <span class='ocrx_word' id='word_1_47' title='bbox 701 887 826 946; x_wconf 82' lang='lat' dir='ltr'><strong>terenda</strong></span> <span class='ocrx_word' id='word_1_48' title='bbox 839 894 901 946; x_wconf 87' lang='lat' dir='ltr'><strong>tua.</strong></span> 
     </span>
     <span class='ocr_line' id='line_1_9' title="bbox 171 968 925 1044; baseline 0 -16"><span class='ocrx_word' id='word_1_49' title='bbox 171 971 257 1029; x_wconf 89' lang='lat' dir='ltr'><strong>Hane</strong></span> <span class='ocrx_word' id='word_1_50' title='bbox 272 971 364 1044; x_wconf 89' lang='lat' dir='ltr'><strong>imple</strong></span> <span class='ocrx_word' id='word_1_51' title='bbox 380 970 505 1028; x_wconf 89' lang='lat' dir='ltr'><strong>meritis.</strong></span> <span class='ocrx_word' id='word_1_52' title='bbox 534 969 626 1028; x_wconf 89' lang='lat' dir='ltr'><strong>huius</strong></span> <span class='ocrx_word' id='word_1_53' title='bbox 640 968 692 1028; x_wconf 85' lang='lat' dir='ltr'><strong>tibi</strong></span> <span class='ocrx_word' id='word_1_54' title='bbox 707 970 804 1042; x_wconf 80' lang='lat' dir='ltr'><strong>gratia</strong></span> <span class='ocrx_word' id='word_1_55' title='bbox 819 971 925 1044; x_wconf 89' lang='lat' dir='ltr'><strong>prosit.</strong></span> 
     </span>
     <span class='ocr_line' id='line_1_10' title="bbox 214 1052 812 1126; baseline -0.003 -14"><span class='ocrx_word' id='word_1_56' title='bbox 214 1053 246 1112; x_wconf 92' lang='lat' dir='ltr'><strong>Si</strong></span> <span class='ocrx_word' id='word_1_57' title='bbox 261 1068 367 1112; x_wconf 81' lang='lat' dir='ltr'><strong>careas</strong></span> <span class='ocrx_word' id='word_1_58' title='bbox 383 1053 448 1122; x_wconf 91' lang='lat' dir='ltr'><strong>illa,</strong></span> <span class='ocrx_word' id='word_1_59' title='bbox 474 1052 542 1126; x_wconf 87' lang='lat' dir='ltr'><strong>quis</strong></span> <span class='ocrx_word' id='word_1_60' title='bbox 558 1058 629 1111; x_wconf 90' lang='lat' dir='ltr'><strong>tuus</strong></span> <span class='ocrx_word' id='word_1_61' title='bbox 643 1068 719 1112; x_wconf 90' lang='lat' dir='ltr'><strong>usus</strong></span> <span class='ocrx_word' id='word_1_62' title='bbox 735 1053 812 1110; x_wconf 79' lang='lat' dir='ltr'><strong>eritt</strong></span> 
     </span>
     <span class='ocr_line' id='line_1_11' title="bbox 170 1134 862 1208; baseline -0.006 -14"><span class='ocrx_word' id='word_1_63' title='bbox 170 1136 227 1195; x_wconf 83' lang='lat' dir='ltr'><strong>Est</strong></span> <span class='ocrx_word' id='word_1_64' title='bbox 240 1137 330 1194; x_wconf 89' lang='lat' dir='ltr'><strong>etiam</strong></span> <span class='ocrx_word' id='word_1_65' title='bbox 344 1136 454 1208; x_wconf 86' lang='lat' dir='ltr'><strong>iacies,</strong></span> <span class='ocrx_word' id='word_1_66' title='bbox 479 1143 549 1194; x_wconf 91' lang='lat' dir='ltr'><strong>sunt</strong></span> <span class='ocrx_word' id='word_1_67' title='bbox 563 1134 626 1207; x_wconf 87' lang='lat' dir='ltr'><strong>apti</strong></span> <span class='ocrx_word' id='word_1_68' title='bbox 643 1134 760 1194; x_wconf 90' lang='lat' dir='ltr'><strong>lusibus</strong></span> <span class='ocrx_word' id='word_1_69' title='bbox 776 1136 862 1192; x_wconf 80' lang='lat' dir='ltr'><strong>anni:</strong></span> 
     </span>
     <span class='ocr_line' id='line_1_12' title="bbox 212 1219 901 1293; baseline 0 -17"><span class='ocrx_word' id='word_1_70' title='bbox 212 1219 340 1292; x_wconf 83' lang='lat' dir='ltr'><strong>Indigna</strong></span> <span class='ocrx_word' id='word_1_71' title='bbox 356 1225 403 1278; x_wconf 91' lang='lat' dir='ltr'><strong>est</strong></span> <span class='ocrx_word' id='word_1_72' title='bbox 419 1219 504 1293; x_wconf 81' lang='lat' dir='ltr'><strong>pigro</strong></span> <span class='ocrx_word' id='word_1_73' title='bbox 521 1219 618 1275; x_wconf 88' lang='lat' dir='ltr'><strong>forma</strong></span> <span class='ocrx_word' id='word_1_74' title='bbox 634 1219 734 1292; x_wconf 89' lang='lat' dir='ltr'><strong>perire</strong></span> <span class='ocrx_word' id='word_1_75' title='bbox 750 1219 819 1277; x_wconf 74' lang='lat' dir='ltr'><strong>situ,</strong></span> <span class='ocrx_word' id='word_1_76' title='bbox 899 1223 901 1228; x_wconf 83' lang='grc'>’</span> 
     </span>
     <span class='ocr_line' id='line_1_13' title="bbox 129 1300 951 1377; baseline -0.007 -14"><span class='ocrx_word' id='word_1_77' title='bbox 129 1312 162 1363; x_wconf 83' lang='lat'><strong>15</strong></span> <span class='ocrx_word' id='word_1_78' title='bbox 174 1301 291 1361; x_wconf 85' lang='lat' dir='ltr'><strong>Fallere</strong></span> <span class='ocrx_word' id='word_1_79' title='bbox 305 1310 335 1362; x_wconf 91' lang='lat' dir='ltr'><strong>te</strong></span> <span class='ocrx_word' id='word_1_80' title='bbox 349 1302 461 1377; x_wconf 87' lang='lat' dir='ltr'><strong>potuit,</strong></span> <span class='ocrx_word' id='word_1_81' title='bbox 485 1302 626 1377; x_wconf 88' lang='lat' dir='ltr'><strong>quamvis</strong></span> <span class='ocrx_word' id='word_1_82' title='bbox 641 1300 774 1360; x_wconf 83' lang='lat' dir='ltr'><strong>habeare</strong></span> <span class='ocrx_word' id='word_1_83' title='bbox 787 1301 951 1363; x_wconf 84' lang='lat' dir='ltr'><strong>molestus·¹</strong></span> 
     </span>
     <span class='ocr_line' id='line_1_14' title="bbox 213 1385 855 1459; baseline -0.002 -15"><span class='ocrx_word' id='word_1_84' title='bbox 213 1386 279 1446; x_wconf 88' lang='lat' dir='ltr'><strong>Nun</strong></span> <span class='ocrx_word' id='word_1_85' title='bbox 299 1394 382 1445; x_wconf 84' lang='lat' dir='ltr'><strong>earet</strong></span> <span class='ocrx_word' id='word_1_86' title='bbox 396 1385 520 1458; x_wconf 77' lang='lat' dir='ltr'><strong>effectu,</strong></span> <span class='ocrx_word' id='word_1_87' title='bbox 545 1385 629 1459; x_wconf 89' lang='lat' dir='ltr'><strong>quod</strong></span> <span class='ocrx_word' id='word_1_88' title='bbox 644 1385 769 1444; x_wconf 85' lang='lat' dir='ltr'><strong>voluere</strong></span> <span class='ocrx_word' id='word_1_89' title='bbox 784 1385 855 1444; x_wconf 84' lang='lat' dir='ltr'><strong>duo.</strong></span> 
     </span>
     <span class='ocr_line' id='line_1_15' title="bbox 173 1467 966 1544; baseline 0.001 -18"><span class='ocrx_word' id='word_1_90' title='bbox 173 1467 281 1544; x_wconf 80' lang='lat' dir='ltr'><strong>Aptius</strong></span> <span class='ocrx_word' id='word_1_91' title='bbox 296 1478 330 1530; x_wconf 93' lang='lat' dir='ltr'><strong>ut</strong></span> <span class='ocrx_word' id='word_1_92' title='bbox 343 1470 433 1530; x_wconf 87' lang='lat' dir='ltr'><strong>luerit</strong></span> <span class='ocrx_word' id='word_1_93' title='bbox 447 1469 590 1544; x_wconf 85' lang='lat' dir='ltr'><strong>precibus</strong></span> <span class='ocrx_word' id='word_1_94' title='bbox 604 1474 786 1542; x_wconf 84' lang='lat' dir='ltr'><strong>temptasse,</strong></span> <span class='ocrx_word' id='word_1_95' title='bbox 808 1485 966 1543; x_wconf 77' lang='lat' dir='ltr'><strong>rogamus,</strong></span> 
     </span>
     <span class='ocr_line' id='line_1_16' title="bbox 214 1553 932 1627; baseline -0.003 -15"><span class='ocrx_word' id='word_1_96' title='bbox 214 1555 290 1612; x_wconf 89' lang='lat' dir='ltr'><strong>Dum</strong></span> <span class='ocrx_word' id='word_1_97' title='bbox 306 1555 384 1612; x_wconf 85' lang='lat' dir='ltr'><strong>hene</strong></span> <span class='ocrx_word' id='word_1_98' title='bbox 400 1553 535 1627; x_wconf 87' lang='lat' dir='ltr'><strong>ponendi</strong></span> <span class='ocrx_word' id='word_1_99' title='bbox 551 1567 676 1611; x_wconf 89' lang='lat' dir='ltr'><strong>munera</strong></span> <span class='ocrx_word' id='word_1_100' title='bbox 690 1557 811 1627; x_wconf 90' lang='lat' dir='ltr'><strong>tempus</strong></span> <span class='ocrx_word' id='word_1_101' title='bbox 824 1553 932 1612; x_wconf 89' lang='lat' dir='ltr'><strong>habes.</strong></span> 
     </span>
    </p>
   </div>
   <div class='ocr_carea' id='block_1_3' title="bbox 73 1681 1091 3544">
    <p class='ocr_par' dir='ltr' id='par_1_3' title="bbox 73 1681 1091 3544">
     <span class='ocr_line' id='line_1_17' title="bbox 73 1681 938 1800; baseline 0.009 -28"><span class='ocrx_word' id='word_1_102' title='bbox 73 1782 78 1792; x_wconf 44' lang='grc'><strong>,</strong></span> <span class='ocrx_word' id='word_1_103' title='bbox 109 1685 143 1776; x_wconf 83' lang='grc'><strong>4</strong></span> <span class='ocrx_word' id='word_1_104' title='bbox 175 1681 247 1776; x_wconf 86' lang='lat' dir='ltr'><strong>Nun</strong></span> <span class='ocrx_word' id='word_1_105' title='bbox 265 1731 323 1792; x_wconf 83' lang='lat' dir='ltr'><strong>ego</strong></span> <span class='ocrx_word' id='word_1_106' title='bbox 340 1719 508 1800; x_wconf 78' lang='lat' dir='ltr'><strong>mendosus</strong></span> <span class='ocrx_word' id='word_1_107' title='bbox 524 1721 623 1779; x_wconf 90' lang='lat' dir='ltr'><strong>ausim</strong></span> <span class='ocrx_word' id='word_1_108' title='bbox 638 1719 806 1778; x_wconf 82' lang='lat' dir='ltr'><strong>defendere</strong></span> <span class='ocrx_word' id='word_1_109' title='bbox 820 1691 938 1793; x_wconf 73' lang='lat' dir='ltr'><strong>mores,</strong></span> 
     </span>
     <span class='ocr_line' id='line_1_18' title="bbox 215 1801 875 1876; baseline 0.002 -17"><span class='ocrx_word' id='word_1_110' title='bbox 215 1801 366 1875; x_wconf 84' lang='lat' dir='ltr'><strong>Falsaque</strong></span> <span class='ocrx_word' id='word_1_111' title='bbox 382 1817 438 1876; x_wconf 88' lang='lat' dir='ltr'><strong>pru</strong></span> <span class='ocrx_word' id='word_1_112' title='bbox 453 1801 534 1860; x_wconf 85' lang='lat' dir='ltr'><strong>uitiis</strong></span> <span class='ocrx_word' id='word_1_113' title='bbox 550 1802 634 1862; x_wconf 90' lang='lat' dir='ltr'><strong>ar&#39;ma</strong></span> <span class='ocrx_word' id='word_1_114' title='bbox 649 1819 774 1862; x_wconf 89' lang='lat' dir='ltr'><strong>movere</strong></span> <span class='ocrx_word' id='word_1_115' title='bbox 789 1804 875 1862; x_wconf 90' lang='lat' dir='ltr'><strong>meis.</strong></span> 
     </span>
     <span class='ocr_line' id='line_1_19' title="bbox 174 1884 854 1960; baseline -0.001 -15"><span class='ocrx_word' id='word_1_116' title='bbox 174 1887 335 1945; x_wconf 87' lang='lat' dir='ltr'><strong>Confiteor.</strong></span> <span class='ocrx_word' id='word_1_117' title='bbox 365 1884 470 1960; x_wconf 87' lang='lat' dir='ltr'><strong>siquid</strong></span> <span class='ocrx_word' id='word_1_118' title='bbox 487 1887 614 1959; x_wconf 74' lang='lat' dir='ltr'><strong>prodest</strong></span> <span class='ocrx_word' id='word_1_119' title='bbox 628 1886 739 1945; x_wconf 83' lang='lat' dir='ltr'><strong>delicta</strong></span> <span class='ocrx_word' id='word_1_120' title='bbox 753 1887 854 1958; x_wconf 88' lang='lat' dir='ltr'><strong>lateri,</strong></span> 
     </span>
     <span class='ocr_line' id='line_1_20' title="bbox 213 1969 936 2042; baseline 0 -16"><span class='ocrx_word' id='word_1_121' title='bbox 213 1970 246 2027; x_wconf 92' lang='lat' dir='ltr'><strong>ln</strong></span> <span class='ocrx_word' id='word_1_122' title='bbox 263 1984 331 2042; x_wconf 84' lang='lat' dir='ltr'><strong>mea</strong></span> <span class='ocrx_word' id='word_1_123' title='bbox 346 1985 426 2028; x_wconf 86' lang='lat' dir='ltr'><strong>nune</strong></span> <span class='ocrx_word' id='word_1_124' title='bbox 442 1969 724 2042; x_wconf 86' lang='lat' dir='ltr'><strong>demenserimina,</strong></span> <span class='ocrx_word' id='word_1_125' title='bbox 749 1970 865 2042; x_wconf 63' lang='lat' dir='ltr'><strong>lassus⁹</strong></span> <span class='ocrx_word' id='word_1_126' title='bbox 889 1985 936 2030; x_wconf 89' lang='lat' dir='ltr'><strong>eo.</strong></span> 
     </span>
     <span class='ocr_line' id='line_1_21' title="bbox 144 2051 973 2126; baseline -0.004 -13"><span class='ocrx_word' id='word_1_127' title='bbox 144 2051 245 2122; x_wconf 80' lang='lat' dir='ltr'><strong>sodi,</strong></span> <span class='ocrx_word' id='word_1_128' title='bbox 267 2067 324 2110; x_wconf 91' lang='lat' dir='ltr'><strong>nee</strong></span> <span class='ocrx_word' id='word_1_129' title='bbox 338 2068 467 2126; x_wconf 90' lang='lat' dir='ltr'><strong>possum</strong></span> <span class='ocrx_word' id='word_1_130' title='bbox 483 2053 610 2125; x_wconf 84' lang='lat' dir='ltr'><strong>cupiens</strong></span> <span class='ocrx_word' id='word_1_131' title='bbox 626 2070 687 2112; x_wconf 90' lang='lat' dir='ltr'><strong>non</strong></span> <span class='ocrx_word' id='word_1_132' title='bbox 703 2053 895 2126; x_wconf 75' lang='lat' dir='ltr'><strong>esse‚rqu0d</strong></span> <span class='ocrx_word' id='word_1_133' title='bbox 911 2053 973 2112; x_wconf 91' lang='lat' dir='ltr'><strong>odi.</strong></span> 
     </span>
     <span class='ocr_line' id='line_1_22' title="bbox 215 2136 1085 2211; baseline -0.001 -17"><span class='ocrx_word' id='word_1_134' title='bbox 215 2136 280 2194; x_wconf 89' lang='lat' dir='ltr'><strong>Heu</strong></span> <span class='ocrx_word' id='word_1_135' title='bbox 302 2151 404 2208; x_wconf 87' lang='lat' dir='ltr'><strong>quam,</strong></span> <span class='ocrx_word' id='word_1_136' title='bbox 428 2152 507 2208; x_wconf 87' lang='lat' dir='ltr'><strong>quae</strong></span> <span class='ocrx_word' id='word_1_137' title='bbox 523 2138 649 2196; x_wconf 85' lang='lat' dir='ltr'><strong>studeas</strong></span> <span class='ocrx_word' id='word_1_138' title='bbox 666 2152 795 2211; x_wconf 88' lang='lat' dir='ltr'><strong>ponere,</strong></span> <span class='ocrx_word' id='word_1_139' title='bbox 819 2137 899 2195; x_wconf 84' lang='lat' dir='ltr'><strong>terre</strong></span> <span class='ocrx_word' id='word_1_140' title='bbox 914 2151 1009 2210; x_wconf 82' lang='lat' dir='ltr'><strong>grave</strong></span> <span class='ocrx_word' id='word_1_141' title='bbox 1023 2142 1085 2195; x_wconf 83' lang='lat' dir='ltr'><strong>esti</strong></span> 
     </span>
     <span class='ocr_line' id='line_1_23' title="bbox 172 2217 997 2293; baseline 0 -16"><span class='ocrx_word' id='word_1_142' title='bbox 172 2217 247 2278; x_wconf 85' lang='lat' dir='ltr'><strong>Nam</strong></span> <span class='ocrx_word' id='word_1_143' title='bbox 262 2217 375 2278; x_wconf 86' lang='lat' dir='ltr'><strong>desunt</strong></span> <span class='ocrx_word' id='word_1_144' title='bbox 392 2220 473 2278; x_wconf 91' lang='lat' dir='ltr'><strong>vires</strong></span> <span class='ocrx_word' id='word_1_145' title='bbox 489 2219 529 2278; x_wconf 90' lang='lat' dir='ltr'><strong>ad</strong></span> <span class='ocrx_word' id='word_1_146' title='bbox 546 2236 594 2278; x_wconf 90' lang='lat' dir='ltr'><strong>me</strong></span> <span class='ocrx_word' id='word_1_147' title='bbox 608 2221 680 2278; x_wconf 92' lang='lat' dir='ltr'><strong>mihi</strong></span> <span class='ocrx_word' id='word_1_148' title='bbox 696 2221 806 2292; x_wconf 89' lang='lat' dir='ltr'><strong>iusque</strong></span> <span class='ocrx_word' id='word_1_149' title='bbox 819 2221 997 2293; x_wconf 80' lang='lat' dir='ltr'><strong>regendum.</strong></span> 
     </span>
     <span class='ocr_line' id='line_1_24' title="bbox 214 2302 884 2378; baseline 0 -18"><span class='ocrx_word' id='word_1_150' title='bbox 214 2303 346 2362; x_wconf 83' lang='lat' dir='ltr'><strong>Auferor</strong></span> <span class='ocrx_word' id='word_1_151' title='bbox 363 2309 395 2361; x_wconf 92' lang='lat' dir='ltr'><strong>ut</strong></span> <span class='ocrx_word' id='word_1_152' title='bbox 408 2302 516 2376; x_wconf 89' lang='lat' dir='ltr'><strong>rapida</strong></span> <span class='ocrx_word' id='word_1_153' title='bbox 531 2303 650 2363; x_wconf 88' lang='lat' dir='ltr'><strong>eoneita</strong></span> <span class='ocrx_word' id='word_1_154' title='bbox 665 2303 778 2378; x_wconf 90' lang='lat' dir='ltr'><strong>puppis</strong></span> <span class='ocrx_word' id='word_1_155' title='bbox 794 2319 884 2376; x_wconf 85' lang='lat' dir='ltr'><strong>aqua.</strong></span> 
     </span>
     <span class='ocr_line' id='line_1_25' title="bbox 172 2385 979 2461; baseline 0 -17"><span class='ocrx_word' id='word_1_156' title='bbox 172 2385 239 2444; x_wconf 89' lang='lat' dir='ltr'><strong>Non</strong></span> <span class='ocrx_word' id='word_1_157' title='bbox 255 2391 303 2444; x_wconf 92' lang='lat' dir='ltr'><strong>est</strong></span> <span class='ocrx_word' id='word_1_158' title='bbox 319 2392 402 2444; x_wconf 85' lang='lat' dir='ltr'><strong>certa</strong></span> <span class='ocrx_word' id='word_1_159' title='bbox 418 2401 502 2444; x_wconf 92' lang='lat' dir='ltr'><strong>meos</strong></span> <span class='ocrx_word' id='word_1_160' title='bbox 519 2403 598 2461; x_wconf 89' lang='lat' dir='ltr'><strong>quae</strong></span> <span class='ocrx_word' id='word_1_161' title='bbox 616 2389 712 2446; x_wconf 80' lang='lat' dir='ltr'><strong>forma</strong></span> <span class='ocrx_word' id='word_1_162' title='bbox 728 2387 833 2445; x_wconf 91' lang='lat' dir='ltr'><strong>invitet</strong></span> <span class='ocrx_word' id='word_1_163' title='bbox 847 2403 979 2446; x_wconf 84' lang='lat' dir='ltr'><strong>amores.</strong></span> 
     </span>
     <span class='ocr_line' id='line_1_26' title="bbox 129 2469 978 2544; baseline -0.002 -14"><span class='ocrx_word' id='word_1_164' title='bbox 129 2479 164 2530; x_wconf 79' lang='grc' dir='ltr'><strong>ιο</strong></span> <span class='ocrx_word' id='word_1_165' title='bbox 218 2469 341 2528; x_wconf 87' lang='lat' dir='ltr'><strong>Centum</strong></span> <span class='ocrx_word' id='word_1_166' title='bbox 357 2475 428 2530; x_wconf 92' lang='lat' dir='ltr'><strong>sunt</strong></span> <span class='ocrx_word' id='word_1_167' title='bbox 442 2485 569 2544; x_wconf 88' lang='lat' dir='ltr'><strong>eausae,</strong></span> <span class='ocrx_word' id='word_1_168' title='bbox 592 2487 646 2530; x_wconf 88' lang='lat' dir='ltr'><strong>eur</strong></span> <span class='ocrx_word' id='word_1_169' title='bbox 661 2486 719 2544; x_wconf 84' lang='lat' dir='ltr'><strong>ego</strong></span> <span class='ocrx_word' id='word_1_170' title='bbox 735 2485 856 2544; x_wconf 89' lang='lat' dir='ltr'><strong>semper</strong></span> <span class='ocrx_word' id='word_1_171' title='bbox 871 2486 978 2529; x_wconf 89' lang='lat' dir='ltr'><strong>amem.</strong></span> 
     </span>
     <span class='ocr_line' id='line_1_27' title="bbox 173 2551 1014 2628; baseline 0.005 -18"><span class='ocrx_word' id='word_1_172' title='bbox 173 2551 247 2611; x_wconf 86' lang='lat' dir='ltr'><strong>Sive</strong></span> <span class='ocrx_word' id='word_1_173' title='bbox 262 2553 363 2627; x_wconf 89' lang='lat' dir='ltr'><strong>aliqua</strong></span> <span class='ocrx_word' id='word_1_174' title='bbox 377 2560 424 2612; x_wconf 90' lang='lat' dir='ltr'><strong>est</strong></span> <span class='ocrx_word' id='word_1_175' title='bbox 440 2555 547 2612; x_wconf 87' lang='lat' dir='ltr'><strong>oeulos</strong></span> <span class='ocrx_word' id='word_1_176' title='bbox 564 2555 593 2613; x_wconf 92' lang='lat' dir='ltr'><strong>in</strong></span> <span class='ocrx_word' id='word_1_177' title='bbox 610 2569 644 2613; x_wconf 94' lang='lat' dir='ltr'><strong>se</strong></span> <span class='ocrx_word' id='word_1_178' title='bbox 660 2554 778 2613; x_wconf 82' lang='lat' dir='ltr'><strong>deiecta</strong></span> <span class='ocrx_word' id='word_1_179' title='bbox 794 2555 968 2628; x_wconf 85' lang='lat' dir='ltr'><strong>modestos,</strong></span> <span class='ocrx_word' id='word_1_180' title='bbox 1011 2559 1014 2564; x_wconf 85' lang='lat'>&#39;</span> 
     </span>
     <span class='ocr_line' id='line_1_28' title="bbox 215 2634 1073 2712; baseline -0.001 -16"><span class='ocrx_word' id='word_1_181' title='bbox 215 2637 309 2706; x_wconf 85' lang='lat' dir='ltr'><strong>Uror,</strong></span> <span class='ocrx_word' id='word_1_182' title='bbox 334 2643 364 2695; x_wconf 91' lang='lat' dir='ltr'><strong>et</strong></span> <span class='ocrx_word' id='word_1_183' title='bbox 379 2636 508 2696; x_wconf 89' lang='lat' dir='ltr'><strong>insidiae</strong></span> <span class='ocrx_word' id='word_1_184' title='bbox 523 2646 594 2697; x_wconf 90' lang='lat' dir='ltr'><strong>sunt</strong></span> <span class='ocrx_word' id='word_1_185' title='bbox 610 2638 708 2712; x_wconf 87' lang='lat' dir='ltr'><strong>pudor</strong></span> <span class='ocrx_word' id='word_1_186' title='bbox 722 2639 772 2696; x_wconf 94' lang='lat' dir='ltr'><strong>ille</strong></span> <span class='ocrx_word' id='word_1_187' title='bbox 787 2653 883 2696; x_wconf 89' lang='lat' dir='ltr'><strong>meae.</strong></span> <span class='ocrx_word' id='word_1_188' title='bbox 1069 2634 1073 2643; x_wconf 84' lang='lat'>&#39;</span> 
     </span>
     <span class='ocr_line' id='line_1_29' title="bbox 174 2718 1091 2796; baseline 0.002 -18"><span class='ocrx_word' id='word_1_189' title='bbox 174 2718 246 2778; x_wconf 89' lang='lat' dir='ltr'><strong>Sive</strong></span> <span class='ocrx_word' id='word_1_190' title='bbox 261 2735 378 2794; x_wconf 87' lang='lat' dir='ltr'><strong>proeax</strong></span> <span class='ocrx_word' id='word_1_191' title='bbox 392 2721 496 2795; x_wconf 86' lang='lat' dir='ltr'><strong>aliqua</strong></span> <span class='ocrx_word' id='word_1_192' title='bbox 512 2728 572 2793; x_wconf 88' lang='lat' dir='ltr'><strong>est,</strong></span> <span class='ocrx_word' id='word_1_193' title='bbox 595 2721 714 2794; x_wconf 82' lang='lat' dir='ltr'><strong>capior,</strong></span> <span class='ocrx_word' id='word_1_194' title='bbox 738 2721 809 2794; x_wconf 91' lang='lat' dir='ltr'><strong>quia</strong></span> <span class='ocrx_word' id='word_1_195' title='bbox 823 2723 939 2783; x_wconf 80' lang='lat' dir='ltr'><strong>rustica</strong></span> <span class='ocrx_word' id='word_1_196' title='bbox 952 2736 1012 2780; x_wconf 91' lang='lat' dir='ltr'><strong>non</strong></span> <span class='ocrx_word' id='word_1_197' title='bbox 1028 2727 1091 2796; x_wconf 86' lang='lat' dir='ltr'><strong>est,</strong></span> 
     </span>
     <span class='ocr_line' id='line_1_30' title="bbox 216 2802 900 2882; baseline -0.001 -20"><span class='ocrx_word' id='word_1_198' title='bbox 216 2802 372 2878; x_wconf 86' lang='lat' dir='ltr'><strong>Spemque</strong></span> <span class='ocrx_word' id='word_1_199' title='bbox 388 2804 484 2863; x_wconf 89' lang='lat' dir='ltr'><strong>datin</strong></span> <span class='ocrx_word' id='word_1_200' title='bbox 500 2805 582 2882; x_wconf 87' lang='lat' dir='ltr'><strong>mulli</strong></span> <span class='ocrx_word' id='word_1_201' title='bbox 598 2805 720 2864; x_wconf 86' lang='lat' dir='ltr'><strong>mobilis</strong></span> <span class='ocrx_word' id='word_1_202' title='bbox 736 2819 807 2862; x_wconf 88' lang='lat' dir='ltr'><strong>esse</strong></span> <span class='ocrx_word' id='word_1_203' title='bbox 822 2811 900 2864; x_wconf 88' lang='lat' dir='ltr'><strong>loro.</strong></span> 
     </span>
     <span class='ocr_line' id='line_1_31' title="bbox 130 2887 966 2962; baseline 0.002 -16"><span class='ocrx_word' id='word_1_204' title='bbox 130 2895 164 2946; x_wconf 80' lang='lat'><strong>15</strong></span> <span class='ocrx_word' id='word_1_205' title='bbox 176 2887 297 2960; x_wconf 88' lang='lat' dir='ltr'><strong>Aspera</strong></span> <span class='ocrx_word' id='word_1_206' title='bbox 313 2889 338 2946; x_wconf 89' lang='lat' dir='ltr'><strong>si</strong></span> <span class='ocrx_word' id='word_1_207' title='bbox 354 2887 423 2946; x_wconf 86' lang='lat' dir='ltr'><strong>visa</strong></span> <span class='ocrx_word' id='word_1_208' title='bbox 438 2895 486 2946; x_wconf 90' lang='lat' dir='ltr'><strong>est</strong></span> <span class='ocrx_word' id='word_1_209' title='bbox 499 2888 677 2962; x_wconf 86' lang='lat' dir='ltr'><strong>rigidasque</strong></span> <span class='ocrx_word' id='word_1_210' title='bbox 691 2888 805 2948; x_wconf 85' lang='lat' dir='ltr'><strong>imitata</strong></span> <span class='ocrx_word' id='word_1_211' title='bbox 820 2887 966 2961; x_wconf 75' lang='lat' dir='ltr'><strong>Sabinam,</strong></span> 
     </span>
     <span class='ocr_line' id='line_1_32' title="bbox 214 2969 831 3046; baseline 0 -18"><span class='ocrx_word' id='word_1_212' title='bbox 214 2969 317 3042; x_wconf 86' lang='lat' dir='ltr'><strong>Velle,</strong></span> <span class='ocrx_word' id='word_1_213' title='bbox 339 2971 395 3030; x_wconf 93' lang='lat' dir='ltr'><strong>sed</strong></span> <span class='ocrx_word' id='word_1_214' title='bbox 411 2987 450 3030; x_wconf 88' lang='lat' dir='ltr'><strong>ex</strong></span> <span class='ocrx_word' id='word_1_215' title='bbox 465 2972 525 3031; x_wconf 86' lang='lat' dir='ltr'><strong>alte</strong></span> <span class='ocrx_word' id='word_1_216' title='bbox 542 2972 734 3031; x_wconf 89' lang='lat' dir='ltr'><strong>dissimulare</strong></span> <span class='ocrx_word' id='word_1_217' title='bbox 750 2980 831 3046; x_wconf 88' lang='lat' dir='ltr'><strong>puto.</strong></span> 
     </span>
     <span class='ocr_line' id='line_1_33' title="bbox 174 3051 946 3129; baseline -0.003 -17"><span class='ocrx_word' id='word_1_218' title='bbox 174 3051 245 3112; x_wconf 88' lang='lat' dir='ltr'><strong>Sive</strong></span> <span class='ocrx_word' id='word_1_219' title='bbox 261 3069 294 3112; x_wconf 92' lang='lat' dir='ltr'><strong>es</strong></span> <span class='ocrx_word' id='word_1_220' title='bbox 312 3055 417 3127; x_wconf 86' lang='lat' dir='ltr'><strong>dueta,</strong></span> <span class='ocrx_word' id='word_1_221' title='bbox 440 3056 546 3128; x_wconf 90' lang='lat' dir='ltr'><strong>plaees</strong></span> <span class='ocrx_word' id='word_1_222' title='bbox 560 3071 646 3116; x_wconf 86' lang='lat' dir='ltr'><strong>raras</strong></span> <span class='ocrx_word' id='word_1_223' title='bbox 663 3057 766 3114; x_wconf 88' lang='lat' dir='ltr'><strong>dotata</strong></span> <span class='ocrx_word' id='word_1_224' title='bbox 781 3071 836 3129; x_wconf 89' lang='lat' dir='ltr'><strong>per</strong></span> <span class='ocrx_word' id='word_1_225' title='bbox 850 3061 946 3114; x_wconf 79' lang='lat' dir='ltr'><strong>artes=</strong></span> 
     </span>
     <span class='ocr_line' id='line_1_34' title="bbox 216 3135 875 3213; baseline 0.002 -18"><span class='ocrx_word' id='word_1_226' title='bbox 216 3135 289 3196; x_wconf 87' lang='lat' dir='ltr'><strong>Sive</strong></span> <span class='ocrx_word' id='word_1_227' title='bbox 303 3138 405 3209; x_wconf 51' lang='lat' dir='ltr'><strong>rudis</strong></span> <span class='ocrx_word' id='word_1_228' title='bbox 431 3139 540 3212; x_wconf 83' lang='lat' dir='ltr'><strong>placita</strong></span> <span class='ocrx_word' id='word_1_229' title='bbox 555 3155 590 3198; x_wconf 87' lang='lat' dir='ltr'><strong>es</strong></span> <span class='ocrx_word' id='word_1_230' title='bbox 606 3138 800 3213; x_wconf 77' lang='lat' dir='ltr'><strong>simplicitate</strong></span> <span class='ocrx_word' id='word_1_231' title='bbox 814 3146 875 3198; x_wconf 82' lang='lat' dir='ltr'><strong>trra.</strong></span> 
     </span>
     <span class='ocr_line' id='line_1_35' title="bbox 171 3218 974 3295; baseline 0.002 -19"><span class='ocrx_word' id='word_1_232' title='bbox 171 3218 240 3290; x_wconf 88' lang='lat' dir='ltr'><strong>Est,</strong></span> <span class='ocrx_word' id='word_1_233' title='bbox 264 3237 344 3295; x_wconf 88' lang='lat' dir='ltr'><strong>quae</strong></span> <span class='ocrx_word' id='word_1_234' title='bbox 360 3221 532 3280; x_wconf 85' lang='lat' dir='ltr'><strong>Callimachi</strong></span> <span class='ocrx_word' id='word_1_235' title='bbox 548 3239 621 3294; x_wconf 89' lang='lat' dir='ltr'><strong>prae</strong></span> <span class='ocrx_word' id='word_1_236' title='bbox 637 3223 750 3282; x_wconf 89' lang='lat' dir='ltr'><strong>nostris</strong></span> <span class='ocrx_word' id='word_1_237' title='bbox 765 3223 879 3282; x_wconf 83' lang='lat' dir='ltr'><strong>rustica</strong></span> <span class='ocrx_word' id='word_1_238' title='bbox 894 3222 974 3280; x_wconf 86' lang='lat' dir='ltr'><strong>dieat</strong></span> 
     </span>
     <span class='ocr_line' id='line_1_36' title="bbox 127 3303 953 3380; baseline -0.004 -17"><span class='ocrx_word' id='word_1_239' title='bbox 127 3312 164 3363; x_wconf 77' lang='lat'><strong>20</strong></span> <span class='ocrx_word' id='word_1_240' title='bbox 218 3303 380 3364; x_wconf 77' lang='lat' dir='ltr'><strong>Carmina·</strong></span> <span class='ocrx_word' id='word_1_241' title='bbox 394 3305 442 3363; x_wconf 90' lang='lat' dir='ltr'><strong>eui</strong></span> <span class='ocrx_word' id='word_1_242' title='bbox 458 3307 580 3378; x_wconf 84' lang='lat' dir='ltr'><strong>placeo,</strong></span> <span class='ocrx_word' id='word_1_243' title='bbox 607 3306 745 3380; x_wconf 88' lang='lat' dir='ltr'><strong>protinus</strong></span> <span class='ocrx_word' id='word_1_244' title='bbox 760 3307 828 3378; x_wconf 90' lang='lat' dir='ltr'><strong>ipsa</strong></span> <span class='ocrx_word' id='word_1_245' title='bbox 846 3305 953 3378; x_wconf 79' lang='lat' dir='ltr'><strong>placet.</strong></span> 
     </span>
     <span class='ocr_line' id='line_1_37' title="bbox 170 3385 1038 3461; baseline -0.005 -17"><span class='ocrx_word' id='word_1_246' title='bbox 170 3385 227 3445; x_wconf 84' lang='lat' dir='ltr'><strong>Est</strong></span> <span class='ocrx_word' id='word_1_247' title='bbox 242 3389 346 3459; x_wconf 87' lang='lat' dir='ltr'><strong>etiam,</strong></span> <span class='ocrx_word' id='word_1_248' title='bbox 370 3403 450 3461; x_wconf 92' lang='lat' dir='ltr'><strong>quae</strong></span> <span class='ocrx_word' id='word_1_249' title='bbox 465 3404 513 3446; x_wconf 92' lang='lat' dir='ltr'><strong>me</strong></span> <span class='ocrx_word' id='word_1_250' title='bbox 529 3397 628 3448; x_wconf 90' lang='lat' dir='ltr'><strong>vatem</strong></span> <span class='ocrx_word' id='word_1_251' title='bbox 644 3397 673 3448; x_wconf 88' lang='lat' dir='ltr'><strong>et</strong></span> <span class='ocrx_word' id='word_1_252' title='bbox 687 3405 755 3447; x_wconf 91' lang='lat' dir='ltr'><strong>mea</strong></span> <span class='ocrx_word' id='word_1_253' title='bbox 774 3389 908 3445; x_wconf 85' lang='lat' dir='ltr'><strong>earmina</strong></span> <span class='ocrx_word' id='word_1_254' title='bbox 923 3387 1038 3459; x_wconf 68' lang='lat' dir='ltr'><strong>culpeta</strong></span> 
     </span>
     <span class='ocr_line' id='line_1_38' title="bbox 215 3469 836 3544; baseline 0 -16"><span class='ocrx_word' id='word_1_255' title='bbox 215 3469 372 3544; x_wconf 85' lang='lat' dir='ltr'><strong>Culpantis</strong></span> <span class='ocrx_word' id='word_1_256' title='bbox 392 3471 512 3544; x_wconf 82' lang='lat' dir='ltr'><strong>cupiam</strong></span> <span class='ocrx_word' id='word_1_257' title='bbox 530 3473 713 3532; x_wconf 88' lang='lat' dir='ltr'><strong>sustinuisse</strong></span> <span class='ocrx_word' id='word_1_258' title='bbox 730 3474 836 3529; x_wconf 87' lang='lat' dir='ltr'><strong>lemur.</strong></span> 
     </span>
    </p>
   </div>
   <div class='ocr_carea' id='block_1_4' title="bbox 0 0 1240 4010">
    <p class='ocr_par' dir='ltr' id='par_1_4' title="bbox 0 0 1240 4010">
     <span class='ocr_line' id='line_1_39' title="bbox 0 0 1240 4010; baseline 0 0"><span class='ocrx_word' id='word_1_259' title='bbox 0 0 1240 4010; x_wconf 95' lang='lat' dir='ltr'><strong> </strong></span> 
     </span>
    </p>
   </div>
  </div>
 </body>
</html>
