2488 4006
256 208 929 320 000.[00001000000100-00
1041 242 1102 308 lta
1215 213 1217 220 ’

127 387 256 450 raxam
271 404 344 462 ego,
369 392 516 452 velcerte
534 408 596 452 non
613 393 664 454 iris
681 393 804 452 diversa
818 395 937 454 locutus
993 424 996 432 ·

209 471 266 531 Per
278 472 352 530 mihi
367 473 513 534 cedentes
527 484 616 536 nocte
632 475 754 537 ferebar
771 491 879 550 aquas.

167 555 257 614 Unda
271 571 473 634 repercussae
489 558 627 618 radiabat
640 560 771 632 imagine
786 561 885 630 lunae,

208 638 246 698 Et
259 640 339 698 nitor
353 639 384 698 in
399 641 490 700 tacita
504 648 594 702 nocte
610 642 736 702 diurnus
751 649 833 702 aratz

167 721 319 797 Nullaque
333 739 397 783 vox
412 739 557 799 usquam,
580 727 695 786 nullum
712 725 852 785 veniebat
866 725 906 784 ad
922 739 1012 786 aures

125 811 161 866 80
212 804 336 865 Praeter
350 807 483 867 dimotae
496 823 628 882 corpore
644 825 778 868 murmur
795 823 904 882 aquae.
991 847 994 853 -

168 888 327 966 Alcyones
342 890 442 963 solae,
461 907 613 951 memores
629 892 738 968 Ceycis
754 886 871 964 amati,'

209 972 320 1032 Nescio
336 973 408 1046 quid
423 974 510 1032 visae
528 982 598 1034 sunt
611 975 683 1034 mihi
698 976 788 1036 dulce
803 975 898 1048 queri.

169 1055 294 1128 lamque
309 1055 441 1128 fatigatis
456 1056 582 1117 humero
601 1058 659 1118 sub
674 1064 803 1131 utroque
817 1057 939 1116 lacertis

209 1137 338 1197 Fortiter
353 1138 382 1196 in
399 1154 533 1200 summas
551 1141 652 1214 erigor
666 1141 744 1199 altus
761 1156 869 1212 aquas.
914 1177 916 1184 ·

8 1247 9 1254 ¹
125 1228 160 1282 85
171 1221 209 1281 Ut
222 1221 329 1294 procul
343 1221 451 1294 aspexi
466 1222 582 1293 lumen,
606 1227 705 1282 ‘meus
721 1221 801 1296 ignis
819 1223 848 1280 in
863 1221 991 1284 illoest=

211 1304 278 1362 ‘illa
293 1306 404 1363 meum'
422 1304 485 1363 dixi
503 1306 603 1364 ‘litora
617 1306 718 1364 lumen
732 1304 867 1364 habent!

167 1386 204 1446 Et
219 1387 318 1446 subito
334 1387 426 1446 lassis
443 1387 524 1450 vires
538 1387 657 1447 rediere
672 1387 802 1459 lacertis,

209 1463 367 1545 Visaque,
387 1487 480 1543 quam
496 1471 607 1545 lucrat,
630 1471 751 1530 mollior
764 1471 846 1530 unda
861 1470 944 1530 mihi.

167 1552 293 1628 Frigora
309 1569 348 1612 ne
364 1554 483 1627 possim
497 1553 590 1627 gelidi
608 1555 720 1614 sentire
735 1553 888 1628 profundi,

124 1645 160 1698 90
214 1636 270 1710 Qui
287 1637 409 1696 calatin
425 1637 536 1710 cupido
553 1645 692 1711 pectore,
716 1644 851 1710 praestat
867 1652 961 1697 amor.

168 1720 234 1792 Quo
248 1720 345 1794 magis
358 1719 489 1790 accedo,
513 1719 719 1794 propioraque
734 1720 822 1780 litora
837 1719 922 1793 fiunt,
997 1749 1000 1766 ι

209 1803 338 1876 Quoque
353 1801 453 1862 minus
467 1809 576 1875 restat,
598 1805 667 1877 plus
683 1801 756 1864 libet
770 1804 813 1862 ire
829 1802 910 1866 mihi.
1003 1838 1005 1844 ·

168 1887 241 1946 Cum
257 1901 331 1945 vero
347 1901 476 1960 possum
491 1886 574 1946 cerni
590 1901 729 1960 quoque,
752 1887 891 1960 protinus
907 1885 996 1946 addis

210 1969 380 2043 Spectatrix
397 1969 530 2042 animos,
554 1976 585 2030 ul
601 1971 780 2043 valeamque
795 1970 881 2028 facis.

123 2061 159 2114 95
171 2053 256 2111 Nunc
272 2051 361 2112 etiam
375 2053 478 2112 nando
495 2052 638 2113 dominae
653 2053 807 2128 placuisse
824 2051 940 2126 laboro,

210 2139 311 2209 Atque
327 2135 424 2196 oculis
439 2135 518 2196 iacto
536 2136 662 2196 brachia
675 2142 780 2196 nostra
794 2136 863 2196 tuis.

167 2221 209 2279 Te
224 2227 276 2278 tua
293 2219 504 2293 vixprohibet
519 2220 619 2280 nutrix
634 2219 824 2280 descendere
842 2219 873 2276 in
887 2220 1009 2279 allum...

210 2303 276 2362 Hoc
292 2318 417 2377 quoque
432 2303 512 2362 enim
527 2301 608 2376 vidi,
630 2301 774 2362 necmihi
791 2302 884 2361 verba
899 2302 1028 2363 dabas...

166 2385 344 2446 Nectamen
360 2385 475 2460 effecit,
499 2385 637 2460 quamvis
653 2385 800 2445 retinebat
814 2392 944 2458 euntem,

102 2481 156 2532 100
209 2469 253 2527 Ne
267 2470 353 2530 fieret
367 2469 462 2543 prima
477 2485 534 2543 pes
548 2475 618 2530 tuus
634 2469 714 2528 udus
730 2484 819 2542 aqua.

166 2552 292 2627 Excipis
308 2554 466 2626 amplexu,
488 2552 649 2625 feliciaque
667 2551 774 2612 oscula
790 2551 899 2624 iungis,

212 2635 337 2706 Oscula,
361 2636 391 2696 di
405 2635 520 2709 magni!
543 2642 626 2694 trans
642 2650 727 2694 mare
742 2634 833 2708 digna
853 2634 921 2707 peti,

166 2719 254 2792 Eque
270 2720 328 2778 tuis
345 2720 486 2792 demptos
503 2719 616 2778 umeris
632 2717 704 2778 mihi
717 2718 812 2778 tradis
828 2715 965 2788 amiotus,

209 2803 246 2860 Et
263 2803 417 2862 madidam
435 2803 534 2862 siccas
550 2802 696 2876 aequoris
711 2800 807 2861 imbre
822 2816 948 2859 contem.

103 2895 155 2948 105
168 2886 293 2946 Caetera
308 2902 370 2946 nox
387 2893 418 2945 el
432 2901 489 2946 nos
504 2895 534 2946 el
548 2885 639 2945 turris
654 2884 779 2944 conscia
795 2885 887 2953 novit,
910 2938 914 2944 .

211 2968 360 3043 Quodque
376 2969 447 3027 milri
466 2969 566 3029 lumen
583 2985 639 3043 per
653 2969 733 3028 vada
749 2973 896 3028 monstrat
910 2967 974 3026 iter.

167 3053 233 3112 Non
248 3051 344 3126 magis
358 3052 438 3112 illius
454 3054 605 3114 numerari
619 3052 731 3126 gaudia
747 3052 856 3124 ucetia,

209 3136 446 3210 Hellespontiaci
463 3153 552 3211 quam
568 3136 660 3195 maris
677 3136 745 3208 alga
759 3141 870 3208 polest.

169 3218 234 3292 Quo
250 3220 373 3280 brevius
389 3220 520 3293 spatium
536 3219 625 3278 nobis
641 3217 681 3278 ad
697 3218 775 3278 lurla
789 3218 927 3284 dabatur,

104 3315 156 3365 110
209 3304 276 3362 Hoc
291 3303 387 3377 magis
403 3311 450 3362 est
464 3310 600 3373 cautum,
623 3317 663 3360 ne
676 3302 754 3360 loret
768 3300 841 3359 illud
856 3299 961 3358 00000.ι

168 3387 294 3463 Iamque
308 3388 447 3460 fugatura
459 3386 577 3446 Tithoni
593 3385 723 3457 coniuge
740 3388 860 3440 noctem

210 3469 355 3530 Praevius
368 3472 507 3531 Aurorae
520 3469 642 3530 Lucifer
656 3475 740 3528 ortus
756 3473 834 3522 erat:
