2498 4008
530 199 591 265 alo
604 235 641 248 -
654 199 728 264 448.

208 362 290 420 Tunc
305 359 393 418 etiam
409 355 500 415 iubeo
517 360 597 414 totas
614 354 732 428 aperire
748 347 911 426 lenestraq'

248 442 422 516 Turpiaque
436 438 572 498 admisso
588 437 724 496 membra·
737 444 846 500 notare,
858 435 916 494 die.

23 515 25 610 ξ
141 523 144 529 ’
207 530 248 586 At
263 525 352 585 simul
367 523 406 583 ad
422 528 517 582 metas
532 521 614 581 venit
629 521 713 580 finita
727 521 879 594 voluptas,

249 609 409 682 Lassaque
426 621 493 666 cum
509 613 572 666 tota
586 618 718 678 corpora
731 610 831 662 mente
846 604 953 673 iacent,

146 701 196 754 111
208 693 285 752 Dum
299 691 397 766 piget,
420 696 449 749 et
463 689 550 748 malis
564 687 677 748 nullam
692 687 828 761 tetigisse
843 685 985 762 puellam,

251 775 460 846 Tacturusque
474 773 528 831 tibi
543 787 602 831 non
617 770 741 830 videare
757 770 818 842 diu,
954 824 956 829 .

209 861 295 927 Tunc
306 858 405 916 animo
418 857 515 930 signa,
529 854 743 930 quodcumque
754 855 924 926 incorpore
936 851 1078 910 mendum
1088 855 1146 924 est,

252 942 440 1015 Luminaque
455 939 484 998 iu
502 939 581 998 vitiis
596 939 676 998 illius
690 951 790 1012 usque
805 945 884 996 tene.

209 1015 1147 1098 Forsitanhaecaliquis...namsuutquoque...parvavocabit.

147 1115 199 1168 420
253 1107 316 1166 Sed
333 1121 412 1180 quae
428 1121 490 1171 non
506 1111 636 1180 prosunt
649 1105 782 1177 singula,
806 1105 898 1161 multa
911 1105 1024 1160 iuvant.

209 1190 307 1244 Parva
323 1193 411 1244 necat
423 1201 529 1246 morsu
544 1187 714 1260 spatiosum
728 1187 836 1258 vipera
849 1190 983 1243 taurum=

251 1271 282 1326 A
296 1283 372 1325 cane
386 1283 449 1326 non
463 1283 573 1340 magno
590 1283 685 1342 saepe
700 1273 819 1326 tenetur
835 1281 918 1340 aper.

211 1353 256 1410 Tu
270 1357 383 1409 tantum
400 1364 526 1408 numero
541 1363 658 1424 pugna,
683 1357 911 1424 praeceptaque
924 1349 954 1406 in
970 1353 1067 1407 unum'

171 1437 174 1462 '
255 1433 420 1506 contrahe,
443 1433 482 1491 de
496 1433 597 1491 multis
614 1432 739 1506 grandis
755 1447 884 1491 acervus
900 1433 965 1492 erit.

150 1524 200 1578 111
213 1516 275 1576 Sed
292 1515 434 1590 quoniam
448 1531 550 1575 mores
564 1516 705 1587 totidem,
726 1516 913 1590 totidemque
927 1515 1051 1590 figurae,

253 1600 319 1658 Non
337 1607 408 1657 sunt
421 1599 541 1656 iudiciis
557 1599 658 1657 omnia
674 1599 776 1658 danda
791 1601 876 1658 meis.

213 1684 277 1754 Quo
292 1688 344 1741 tua
358 1697 420 1739 non
437 1689 570 1754 possunt
585 1681 699 1748 offendi
715 1689 841 1756 pectora
854 1684 945 1756 iacto,
998 1734 1000 1739 .

253 1764 394 1823 Forsitan
408 1763 468 1824 hoc
483 1764 542 1823 alio
558 1761 660 1823 iudice
674 1765 788 1824 crimen
803 1765 869 1825 erit.

212 1847 266 1906 1111
282 1847 368 1920 quod
382 1847 534 1906 obscenas
551 1848 581 1906 in
596 1855 702 1920 aperto
719 1861 851 1922 corpore
864 1855 967 1922 partes

148 1940 200 1992 430
252 1930 395 2003 Viderat,
418 1931 449 1990 in
465 1945 556 1990 cursu
570 1929 621 2006 qui
637 1931 706 2005 fuit,
727 1930 828 1991 haesit
843 1946 942 1991 amor=

213 2014 265 2072 llle
281 2014 365 2087 quod
380 2031 398 2074 1
411 2014 648 2084 Venerisrebus
665 2021 807 2088 surgente
825 2015 928 2089 puella

254 2096 340 2156 Vidit
356 2097 386 2157 in
403 2099 549 2159 inmundo
568 2097 656 2172 signa
673 2097 819 2172 pudenda
833 2105 911 2159 toro.

211 2179 344 2253 Luditis,
367 2197 384 2240 o
400 2182 509 2257 siquos
524 2187 686 2256 potuerunt
699 2180 758 2240 ista
773 2196 915 2242 moveret
994 2254 997 2259 Ι

253 2261 415 2323 Adflarant
429 2265 551 2340 tepidae
566 2272 693 2339 pectora
707 2271 809 2324 vestra
823 2266 918 2325 iaces.

149 2355 200 2408 131
211 2345 360 2406 Adtrahat
374 2347 424 2406 ille
438 2355 516 2422 puer
530 2356 690 2408 contentos
706 2347 815 2408 lortius
830 2363 930 2421 11111,

257 2429 368 2489 Saucia
383 2431 528 2491 arciorem
546 2432 632 2491 turba
647 2433 757 2506 petetis
773 2447 872 2507 opem.
955 2452 958 2457 ⁴

215 2513 307 2588 Quid,
329 2515 381 2588 qui
397 2517 474 2575 clam
489 2516 573 2574 latuit
587 2516 736 2574 reddente
751 2514 887 2576 obscena
900 2514 1010 2590 puella,

255 2597 292 2656 Et
305 2597 397 2671 vidit,
421 2615 502 2674 quae
515 2615 583 2659 mos
598 2599 667 2674 ipse
681 2599 787 2658 videre
800 2605 903 2658 vetat‘t
981 2617 984 2624 ·

212 2679 251 2738 Di
265 2681 389 2758 melius,
412 2699 503 2758 quam
519 2699 576 2743 nos
590 2697 770 2743 moneamus
787 2682 859 2742 talia
876 2683 1072 2756 quemquam!

150 2769 204 2824 440
256 2763 296 2823 Ut
309 2766 443 2838 prosint,
464 2783 525 2827 non
541 2773 612 2827 sunt
626 2765 820 2840 expedienda
832 2774 942 2826 tamen.

211 2845 326 2906 Hortor
341 2856 384 2923 et,
407 2857 440 2910 ut
453 2851 567 2926 pariter
581 2850 668 2911 binas
683 2850 822 2910 habeatis
838 2850 968 2909 amicus:

255 2927 376 2991 Fortior
389 2940 450 3005 est,
472 2935 578 3009 plures
594 2935 691 3009 siquis
705 2932 820 2993 habere
834 2941 948 3008 potest.
1037 2967 1040 2970 -

215 3010 304 3072 Secta
319 3014 461 3089 bipartito
476 3034 544 3078 cum
559 3033 645 3077 mens
661 3017 803 3078 discurrit
817 3024 957 3093 utroque,

254 3096 389 3159 Alterius
404 3103 486 3160 vires
502 3101 652 3162 subtrahit
666 3103 742 3162 alter
756 3115 850 3163 amor.

147 3183 200 3238 445
212 3177 346 3241 Grandia
361 3199 416 3256 per
433 3187 545 3246 multos
558 3191 720 3245 tenuantur
734 3181 860 3244 flumina
873 3185 969 3255 rivos

229 3338 233 3343 Α
257 3262 420 3342 Saevaque
435 3269 559 3328 diducto
578 3269 680 3344 stipite
693 3267 815 3328 flamma
830 3267 918 3342 perit.

211 3345 279 3406 Non
295 3349 371 3410 satis
388 3369 449 3411 una
463 3359 546 3412 tenet
560 3361 678 3413 ceratas
693 3352 829 3412 anchora
843 3365 973 3426 puppes,

253 3431 317 3574 Nlec
334 3435 407 3526 satis
423 3443 471 3497 est
485 3435 611 3512 liquidis
626 3435 735 3498 unicus
752 3437 860 3498 hamus
875 3433 974 3510 aquis.

169 3528 254 3573 ovio.
296 3560 303 3574 .
956 3527 988 3579 16
