2498 4008
128 241 195 306 alc
512 239 776 302 numanum.

215 395 301 454 Nune
314 391 368 452 tibi
381 390 501 464 rivalis,
524 407 604 453 nunc
619 393 727 453 durum
741 394 831 452 limen
848 395 969 469 amano,

257 478 341 537 Nunc
357 475 486 535 subeant
501 476 609 536 mediis
624 477 713 536 inrita
727 477 823 536 verba
838 477 916 536 deis,

214 562 277 621 Nec
291 575 443 635 compone
458 575 579 634 comae,
602 561 673 634 quia
687 561 730 620 sis
746 567 892 620 venturus
910 561 951 620 ad
967 562 1055 636 illam,

148 655 205 710 680
257 645 319 704 Neo
334 649 407 716 toga
421 643 461 703 sit
474 645 545 702 laxo
562 643 780 718 conspicienda
793 644 872 703 ¹sinu.

215 729 303 788 Nulla
317 727 370 801 sit,
390 735 424 787 ut
439 727 564 802 placeas
580 727 697 786 alienae
716 743 789 787 entra
803 728 934 802 puellae.

255 814 319 870 lam
335 810 425 870 lecito
440 826 457 870 e
472 811 573 870 multis
587 825 649 870 nna
663 809 702 870 sit
716 812 767 870 illa
781 811 843 871 tibi.

216 895 279 956 Sed
295 895 379 970 quod
394 895 559 970 praecipue
572 895 685 954 nostris
701 893 860 954 conatibus
877 895 987 968 obstet,

255 977 405 1052 Eloquar,
429 979 570 1052 exemplo
587 991 739 1052 quemque
755 979 885 1038 docente
899 995 967 1039 suo.

146 1072 202 1126 685
213 1061 387 1123 Desinimus
401 1061 502 1135 tarde,
528 1063 599 1136 quia
612 1076 670 1120 nos
685 1077 846 1136 speramus
861 1062 966 1122 amari.

257 1145 335 1204 Dum
349 1145 408 1204 sibi
424 1145 556 1219 quisque
571 1147 684 1218 placet,
705 1145 831 1204 credula
842 1145 929 1205 turba
944 1161 1059 1206 sumne.

215 1229 255 1289 Au
273 1237 305 1288 tu
319 1243 376 1288 nec
391 1242 509 1286 voces..
525 1228 596 1301 quid
616 1228 695 1286 enim
711 1229 852 1287 ¹fallacius
866 1229 964 1286 illist..

258 1311 370 1383 Crede,
392 1325 450 1368 nec
465 1314 606 1368 aeternos
624 1311 746 1384 pondus
762 1309 878 1369 habere
893 1309 978 1368 deos.

214 1395 297 1454 Neve
312 1394 480 1467 puellarum
494 1393 625 1452 lacrimis
641 1407 801 1465 moveare,
825 1400 942 1454 caveto.

147 1487 203 1543 oto
255 1478 294 1538 Ut
308 1475 430 1550 flerent,
452 1477 560 1536 oculos
576 1475 715 1537 erudiere
731 1492 815 1537 suos.

192 1603 198 1613 .
214 1560 339 1620 Artibus
355 1560 520 1623 innumeris
536 1575 622 1619 meus
638 1567 833 1635 oppugnatur
847 1567 1009 1632 amantum,

141 1695 143 1698 .
255 1644 295 1705 Ut
308 1643 387 1718 lapis
402 1643 565 1718 aequoreis
580 1643 716 1717 undique
731 1645 840 1718 pulsus
855 1643 955 1716 aquis.

214 1729 276 1786 Nee
291 1742 403 1788 causas
418 1728 518 1802 aperi,
541 1743 635 1802 quare
651 1726 782 1786 divortia
799 1727 902 1786 malis=
945 1789 947 1794 ,

255 1811 317 1871 Nec
335 1810 398 1885 dio,
423 1812 497 1886 quid
510 1811 627 1872 doleas.
648 1811 728 1870 clam
742 1817 843 1870 tamen
857 1825 957 1883 usque
973 1809 1050 1868 dole.

146 1903 202 1960 695
212 1895 274 1954 Nec
290 1900 416 1968 peccata
429 1895 524 1967 refer,
547 1909 586 1953 nc
601 1894 703 1954 diluat.
727 1895 795 1968 ipse
811 1893 939 1965 serebia,

255 1977 294 2036 Ut
308 1979 414 2038 melior
430 1993 522 2038 causa
538 1993 632 2037 causa
647 1979 687 2037 sit
701 1979 751 2037 illa
766 1985 827 2036 tua.

214 2061 270 2134 Qui
285 2061 369 2135 silet,
391 2069 439 2122 est
456 2063 571 2122 firmus.
596 2062 648 2136 qui
663 2060 736 2122 dicit
750 2061 844 2121 multa
860 2060 981 2140 puellae

255 2144 383 2216 Probra,
407 2145 549 2204 satisfieri
566 2146 699 2218 postulat
713 2145 764 2204 ille
779 2143 847 2202 sibi.

212 2228 277 2287 Non
293 2243 351 2302 ego
367 2228 505 2288 Dulichio
522 2228 638 2288 furialis
654 2243 739 2288 more
754 2227 889 2301 sagittas,

146 2319 201 2376 700
253 2311 315 2370 Nec
330 2319 434 2386 raptas
449 2312 546 2372 ausim
560 2313 699 2386 tinguere
713 2313 744 2369 in
759 2325 848 2370 amne
863 2311 962 2368 laces:

213 2395 275 2454 Nec
289 2410 348 2456 nos
366 2411 537 2469 purpureas
554 2394 640 2470 pueri
655 2394 854 2455 resicabirnus
870 2394 949 2452 alass
1025 2423 1026 2426 =

216 2491 222 2504 ‘
255 2477 317 2537 Nec
331 2492 419 2537 sacer
433 2485 497 2538 arte
512 2493 580 2538 mea
596 2479 695 2538 laxior
706 2493 798 2537 arcus
810 2477 877 2536 erit.
944 2495 946 2500 ·

214 2559 378 2620 Consilium
393 2568 455 2635 est,
477 2562 692 2636 quodcumque
707 2575 795 2622 cano.
818 2565 923 2636 parete
938 2558 1066 2629 canenti,

255 2645 356 2718 thue
372 2645 463 2716 lacis,
487 2647 621 2720 coeptis,
643 2644 767 2705 Phoebe
782 2644 919 2716 saluber,
942 2641 1027 2706 ades.

147 2737 200 2791 '105
211 2727 354 2788 Phoebus
368 2728 466 2788 adest.
490 2744 622 2790 sonuere
639 2728 739 2806 lyrae,
759 2743 891 2787 sonuere
907 2726 1082 2800 pharetrae:

256 2811 350 2886 Signa
365 2812 455 2872 deum
470 2828 567 2874 nosco
582 2825 720 2887 persua:
743 2811 884 2872 Phoebus
901 2809 998 2868 adest.
1043 2877 1046 2884 ,

142 2925 145 2930 ·
214 2896 324 2956 Confer
340 2897 516 2974 Amyclaeis
531 2896 712 2956 medicatum
729 2896 827 2955 vellus
843 2894 929 2953 aenis

220 3042 222 3048 ,
255 2977 369 3037 Murice
385 2993 453 3039 cum
466 2979 568 3057 Tyrio.
588 2981 708 3055 turpius
722 2979 796 3038 illud
811 2978 875 3037 crit.

212 3062 278 3120 Vos
295 3063 577 3136 quoquelormosis
592 3071 712 3122 vestras
730 3062 866 3122 conserte
881 3058 997 3134 puellas

149 3153 202 3207 710
254 3145 380 3219 Incipiet
397 3145 538 3206 dominae
553 3161 705 3222 quemque
720 3145 837 3220 pudere
852 3159 938 3204 sune.

211 3229 347 3302 Utraque
362 3229 515 3289 iormosac
529 3229 628 3289 Paridi
644 3235 771 3304 potuere
786 3227 899 3288 viderit

255 3311 317 3370 Sed
333 3312 391 3370 sibi
406 3314 556 3373 conlatam
571 3309 644 3371 vicit
657 3320 817 3388 utramque
831 3312 949 3369 Venus.
1020 3355 1022 3364 ,

212 3393 274 3452 Neo
290 3395 387 3454 solam
402 3395 524 3469 laciem,
547 3409 649 3455 mores
666 3411 790 3471 quoque
805 3395 912 3455 confer
926 3399 956 3452 et
970 3396 1066 3450 artes:

254 3475 378 3534 Tantum
392 3477 504 3538 iudicio
520 3495 559 3539 ne
573 3486 643 3539 tuus
661 3474 741 3539 obsit
757 3493 851 3539 amor.
