2488 4006
144 224 205 290 loo
301 303 303 310 y
525 223 774 286 narremus,

269 377 358 451 Quod
373 375 496 436 videant
511 374 605 447 oculi,
628 377 672 435 nil
684 373 744 436 nisi
759 376 829 436 litus
844 374 966 436 liabent.

64 523 67 528 ,
227 461 313 520 Nunc
326 460 401 532 huc,
426 474 506 520 nuno
520 459 608 532 illuc,
627 466 657 519 et
670 467 802 534 utroque
817 459 883 518 sine
896 460 1003 519 ordine
1019 474 1122 519 curro.

184 554 221 607 20
273 541 344 604 Alte
358 543 510 617 puellares
525 541 626 602 tardat
638 541 753 602 harena
767 543 875 616 pedes.

227 627 345 686 Interea
359 633 423 687 toto
438 624 578 685 clamanti
592 625 680 685 litore
694 625 827 685 ‘Theseu
836 628 856 681 t'

268 707 452 770 Reddebant
465 724 578 768 nomen
592 723 729 768 concava
744 723 821 768 saxa
835 715 929 781 tuum,

224 792 263 851 Et
279 793 420 867 quotiens
435 808 493 867 ego
508 799 553 864 tc,
573 793 684 852 totiens
699 793 786 854 locus
802 792 871 866 ipse
883 791 1024 851 vocabat.

269 876 340 950 Ipse
354 877 442 936 locus
457 875 589 934 miserae
603 877 683 936 lerrc
696 874 820 934 volebat
835 890 936 950 opem.

183 969 218 1021 25
228 959 318 1020 Mons
333 959 396 1019 luit.
419 965 568 1034 apparent
582 957 707 1019 frutices
719 957 751 1016 in
765 958 879 1017 vertice
893 957 970 1017 rari:

246 1079 248 1086 ,
269 1043 355 1102 Nunc
372 1042 520 1116 scopulus
534 1042 636 1101 raucis
651 1040 765 1115 pendet
778 1041 894 1102 adesus
910 1041 1014 1115 aquis:

181 1193 183 1198 ,
227 1125 384 1186 Ascendo.
406 1125 487 1184 vires
504 1124 624 1184 animus
639 1123 739 1184 dabat.
762 1131 855 1199 atque
870 1125 910 1184 ita
924 1126 982 1183 late

268 1211 415 1283 Aequora
430 1214 596 1282 prospectu
609 1207 716 1280 melior
731 1208 791 1266 alta
805 1223 885 1267 meo.

227 1292 301 1351 lnde
315 1307 405 1365 ego...
420 1307 491 1350 num
505 1290 603 1350 ventis
618 1305 742 1365 quoque
756 1306 822 1350 sum
838 1291 1015 1352 crudelibus
1029 1307 1119 1352 usa...

183 1384 220 1438 30
272 1374 343 1434 Vidi
358 1373 517 1449 praecipiti
533 1373 663 1434 carbasa
676 1380 759 1434 tenta
773 1381 856 1434 noto.

226 1460 288 1517 Aut
304 1456 378 1532 vidi,
402 1464 454 1517 aut
466 1463 620 1532 tamquam
634 1471 715 1531 quae
728 1473 777 1517 mc
792 1457 910 1518 vidisse
923 1464 1070 1534 putarem,

267 1541 419 1614 Frigidior
432 1541 530 1614 glacie
546 1540 794 1615 semianimisque
809 1541 861 1600 lui.

226 1623 289 1682 Nec
305 1624 450 1698 languere
465 1624 518 1684 diu
533 1625 644 1699 patitur
658 1624 757 1684 dolor.
779 1625 897 1686 excitor
912 1625 972 1700 illo,

268 1706 393 1768 Excitor
408 1714 438 1767 et
453 1723 572 1766 summa
585 1707 704 1766 Thesea
718 1723 796 1768 voce
811 1723 901 1767 voco.

183 1799 218 1852 35
230 1789 309 1864 ‘Quo
324 1791 439 1865 luglsr’
463 1793 601 1850 exclamo
617 1792 778 1852 ‘scelerate
791 1798 947 1851 revertere
959 1791 1090 1866 Theseu,

267 1874 369 1934 Flecte
382 1880 492 1933 ratem!
516 1889 673 1934 numerum
688 1890 750 1934 non
764 1863 922 1936 habet’ille
936 1873 1046 1935 suum!

226 1956 311 2017 Haec
327 1971 394 2030 ego.
418 1957 502 2032 quod
516 1959 587 2017 voci
602 1957 721 2032 deerat,
746 1959 893 2032 plangore
907 1958 1081 2033 replebam=

268 2039 408 2100 Verbera
423 2055 491 2100 cum
506 2040 609 2100 verbis
623 2041 717 2100 mixta
732 2041 817 2101 luere
831 2041 917 2101 meis.

228 2121 260 2183 Si
276 2139 338 2183 non
352 2121 491 2196 audires,
514 2131 547 2184 ut
561 2125 669 2184 saltem
684 2138 809 2184 cernere
825 2139 947 2200 posses,

184 2215 219 2269 40
271 2206 403 2265 Iactatae
417 2207 478 2266 late
493 2207 581 2280 signa
596 2206 711 2267 dedere
725 2223 845 2279 manus.

226 2289 425 2363 Candidaque
437 2289 561 2364 inposui
576 2290 686 2364 longae
700 2290 853 2351 velamina
867 2293 981 2367 virgae,

268 2369 390 2431 Scilicet
405 2372 516 2434 oblitos
531 2373 723 2434 admonitura
736 2375 805 2432 mel.

226 2455 350 2530 Iamque
366 2456 462 2516 oculis
479 2464 602 2532 ereptus
619 2472 698 2517 eras.
726 2458 802 2516 'lum
817 2457 950 2532 denique
965 2456 1046 2517 llevi.

268 2538 459 2612 Torpuerant
472 2539 580 2600 molles
599 2547 667 2600 ante
684 2540 790 2600 dolore
805 2555 912 2615 genae.

184 2629 218 2683 le
230 2619 308 2694 Quid
323 2621 425 2696 potius
439 2624 587 2696 lacerent,
610 2640 702 2698 quam
716 2640 765 2682 me
781 2638 848 2684 mea
862 2624 975 2684 lumina
990 2623 1106 2696 flerent,

267 2703 434 2780 Postquam
449 2704 605 2768 desierant
618 2709 689 2766 vela
704 2707 808 2767 videre
823 2714 898 2768 tuan

225 2789 287 2848 Aut
301 2803 358 2864 ego
374 2787 494 2850 diffusis
510 2789 610 2854 erravi
625 2791 692 2851 sola
706 2791 834 2864 capillis,

266 2870 369 2944 Qualis
383 2871 424 2938 ¹ab
440 2871 558 2952 ogygio
573 2873 693 2934 concita
705 2873 828 2943 Baccha
843 2875 919 2934 dena

224 2955 288 3013 Aut
301 2969 385 3014 mare
398 2957 594 3032 prospiciens
610 2958 640 3017 in
655 2973 733 3018 saxo
749 2957 859 3032 frigida
873 2958 949 3030 sedi,

184 3047 219 3098 50
271 3035 429 3111 Quamque
443 3040 521 3114 lapis
537 3041 644 3112 sedes,
668 3048 729 3100 tarn
744 3040 823 3115 lapis
838 3041 908 3116 ipsa
923 3039 974 3100 lui.

227 3119 327 3193 Saepe
339 3127 439 3181 torum
453 3130 574 3197 repeto,
599 3125 650 3198 qui
666 3140 723 3184 nos
739 3130 901 3200 acceperat
916 3124 1033 3194 ambre,
1065 3180 1068 3186 .

193 3235 196 3246 a
269 3202 332 3262 Sed
347 3219 408 3264 non
425 3214 569 3280 acceptos
585 3207 774 3268 exhibiturus
788 3214 861 3280 erut,

224 3286 262 3346 Et
275 3292 339 3360 tua,
363 3305 442 3363 quae
457 3306 585 3364 possum
600 3306 657 3365 pro
671 3299 717 3363 te,
740 3291 871 3365 vestigia
885 3298 987 3366 tango,

269 3368 433 3446 Strataque
448 3389 527 3447 quae
543 3373 686 3432 membris
701 3375 859 3448 intepuere
877 3373 946 3434 tuis.

184 3452 389 3525 snlncumbo,
411 3453 605 3530 lacrimisque
619 3462 686 3516 toro
703 3466 845 3518 manante
858 3459 994 3532 prolusis
