2498 4008
59 231 62 236 ’
149 232 214 299 218
511 229 650 292 ARTIS
675 227 816 290 AMAT.

146 459 151 470 l
236 384 438 459 Reticuloque
454 382 536 458 pilae
552 381 638 442 leves
654 381 817 444 tundantur
832 387 948 456 aperto,

277 469 355 540 Nec,
377 465 436 526 nisi
452 481 544 540 quem
558 465 663 539 tolles,
685 465 747 524 ulla
762 465 916 524 movenda
930 463 992 539 pila
1007 473 1068 527 est.

236 551 290 611 Est
304 566 417 624 genus,
438 550 470 609 in
484 549 610 609 tolidem
625 547 709 608 tenui
725 548 843 608 ratione
860 548 1018 610 redactum

46 704 49 710 ,
279 633 446 708 Scriptum,
468 639 544 708 quot
557 647 679 691 menses
694 629 829 692 lubricus
845 647 944 690 annus
958 632 1066 693 hebet:

131 727 141 752 '·
168 727 223 782 365
233 717 332 777 Parva
346 716 457 776 tabella
471 716 554 790 capit
567 723 671 775 ternos
687 716 838 790 utrimque
853 715 985 790 lapillos,

278 802 312 860 ln
329 817 389 875 qua
403 799 519 859 vicisse
535 805 582 858 est
596 800 793 859 continuasse
808 813 894 859 suos

236 883 317 943 Mille
333 887 455 942 lacesse
467 883 571 942 ioeosl
592 888 680 956 turpe
695 890 742 943 est
755 883 876 942 nescire
890 883 1024 957 puellam

277 965 406 1047 Ludere.
429 965 565 1026 ludendo
580 980 675 1040 saepe
689 971 813 1040 paratur
826 981 920 1026 amor

198 1039 299 1110 Sed
313 1051 454 1111 minimus
470 1048 557 1109 labor
571 1055 619 1109 est
632 1050 788 1123 sapienter
802 1049 932 1113 iactibus
948 1050 1004 1108 uti

168 1141 226 1196 370
277 1133 377 1200 Maius
393 1149 472 1208 opus
487 1147 590 1192 mores
605 1131 819 1207 composuisse
834 1147 919 1192 suos.

235 1220 310 1277 Tum
326 1233 432 1277 sunaus
448 1217 573 1290 incauti,
597 1216 761 1290 studioque
774 1215 929 1291 aperimur
942 1217 972 1274 in
988 1216 1070 1291 ipso,

277 1301 426 1374 Nudaque
442 1315 498 1374 per
513 1301 599 1360 lusus
615 1305 741 1374 pectora
755 1306 861 1359 nostra
873 1305 992 1374 patente

236 1385 284 1442 Ira
299 1383 395 1456 subit,
418 1383 555 1443 deforme
570 1375 694 1455 malurn,
718 1383 856 1458 lucrique
872 1381 993 1458 cupido,

276 1467 439 1541 Iurgiaque
454 1472 485 1524 et
498 1467 584 1524 rixae
600 1465 812 1540 sollicitusque
827 1466 931 1527 dolor:

169 1557 222 1612 375
235 1550 365 1610 Crimina
379 1549 533 1624 dicuntur,
554 1555 680 1609 resonat
694 1550 879 1610 clamoribus
895 1547 1008 1622 aether

278 1632 424 1693 Invocat
417 1641 511 1693 iratos
527 1638 557 1692 et
571 1633 629 1692 sibi
646 1633 777 1708 quisque
791 1633 882 1692 deos:
937 1681 940 1685 .

235 1716 323 1778 Nulla
338 1716 433 1790 fides,
455 1715 576 1776 tabulae
592 1731 749 1790 quaeror
764 1720 1076 1791 pervotapelunturt
1132 1748 1170 1760 -
1232 1657 1233 1764 l

277 1799 314 1859 Et
330 1800 462 1859 lacrimis
476 1799 542 1858 vidi
557 1813 652 1874 saepe
666 1799 791 1858 madere
804 1815 909 1874 genas.

235 1884 371 1958 luppiter
387 1882 507 1943 euobis
521 1889 583 1941 tam
597 1884 699 1957 turpia
713 1883 838 1942 crimina
853 1883 954 1958 pellat,

72 2017 74 2023 .
170 1974 224 2028 380
277 1967 310 2024 ln
327 1966 437 2041 quibus
452 1972 501 2025 est
517 1965 571 2026 ulli
587 1981 660 2026 eura
676 1967 798 2041 placere
812 1966 890 2026 viro.

235 2049 300 2108 Hos
315 2050 427 2122 ignava
442 2049 529 2110 iocos
543 2049 646 2110 tribuit
659 2057 766 2110 natura
781 2049 901 2124 puellis.

277 2133 404 2192 Materia
417 2132 525 2192 ludunt
537 2133 679 2193 uberiore
693 2133 761 2192 viri.

237 2215 313 2277 Sunt
327 2215 386 2276 illis
402 2218 580 2291 celeresque
595 2217 675 2292 pilae
690 2217 883 2289 iaculumque
898 2212 1061 2290 trochique

277 2301 432 2373 Armaque
447 2306 478 2358 et
491 2300 521 2360 in
538 2316 634 2378 gyros
651 2301 695 2360 ire
710 2307 834 2360 coactus
851 2313 958 2373 equus.

168 2390 222 2446 385
233 2383 295 2443 Nee
312 2398 368 2441 vos
384 2383 516 2458 Campus
531 2383 637 2456 habet,
660 2378 789 2442 naevos
805 2381 995 2456 gelidissima
1008 2382 1114 2456 Virgo,

277 2467 341 2525 Nec
354 2464 472 2526 Tuscus
488 2466 610 2540 placida
624 2465 747 2525 devehit
762 2466 858 2525 amnis
878 2481 969 2541 aqua.

187 2601 190 2606 .
234 2549 276 2610 At
290 2550 360 2610 licet
374 2555 404 2608 et
418 2549 546 2624 prodest
559 2549 721 2624 Pompeias
739 2550 783 2608 ire
797 2565 853 2624 per
866 2548 1001 2622 umbras,

276 2631 411 2706 Virginis
427 2632 569 2692 aetheriis
586 2650 647 2708 qua
663 2640 755 2708 caput
772 2633 858 2692 ardet
873 2632 972 2706 equis.

235 2715 333 2784 Visite
347 2717 499 2790 laurigero
515 2723 635 2776 sacrata
648 2716 763 2776 Palatia
775 2715 916 2776 Phoebo:

74 2806 78 2819 ¹
169 2807 223 2861 390
274 2800 328 2859 Ille
341 2799 557 2860 Paraetonicas
575 2800 680 2860 mersit
695 2800 726 2858 in
742 2799 801 2858 alta
814 2805 906 2858 rates.

236 2883 382 2958 Quaeque
398 2899 488 2943 soror
500 2884 697 2958 coniunxque
715 2881 803 2942 ducis
820 2883 1006 2942 monimenta
1020 2887 1174 2956 pararunt,
1232 2901 1233 2910 2

276 2965 445 3041 Navalique
460 2978 554 3040 gener
568 2967 684 3028 cinctus
699 2965 817 3026 honore
833 2971 933 3041 caput.

234 3047 334 3108 Visite
349 3051 527 3109 turicremas
542 3065 658 3128 vaccae
673 3049 891 3124 Memphitidos
907 3061 987 3122 aras,

276 3131 374 3192 Visite
391 3133 568 3207 conspicuis
584 3140 670 3194 terna
683 3133 802 3193 theatra
816 3134 904 3194 locis.

171 3221 223 3275 395
235 3214 417 3290 Spectentur
432 3216 536 3292 tepido
551 3217 728 3277 maculosae
742 3219 892 3293 sanguine
906 3216 1051 3286 harenae,

275 3299 418 3373 Metaque
432 3300 560 3358 ferventi
575 3300 760 3362 circueunda
774 3309 851 3362 rota.

236 3381 324 3453 Quod
338 3383 421 3454 latet,
445 3382 581 3456 ignotum
596 3388 652 3444 cst.
675 3383 770 3457 ignoti
785 3385 869 3445 nulla
883 3381 1011 3456 cupidos

276 3463 403 3522 Fructus
418 3463 520 3532 abest,
543 3465 639 3525 iacies
655 3479 724 3525 eum
738 3467 821 3528 bona
833 3471 913 3527 teste
928 3469 1024 3524 earet.
