2472 4010
161 241 202 305 18
551 240 769 303 „AMORUM
802 290 805 296 .

202 403 238 455 20
290 393 427 454 Volturis
443 393 473 451 in
488 392 580 452 ramis
596 400 626 451 et
638 391 742 466 strigis
758 409 818 452 ova
832 393 910 453 tulit.

244 477 299 538 His
314 493 372 552 ego
390 477 528 536 commisi
543 483 666 536 nostros
682 477 810 536 insanus
826 493 956 552 amores

285 561 451 642 Molliaque
466 561 505 620 ad
521 561 674 621 dominam
689 559 784 619 verba
800 561 925 622 serenda
940 564 1033 624 (lodii

243 645 353 721 Aptius
368 646 426 704 hae
442 645 565 720 capiant
582 646 755 703 vadimonia
769 647 891 718 garrula
906 661 1003 724 corae,

286 730 367 803 Quas
382 729 492 802 aliquis
508 730 584 789 duro
601 729 740 802 cognitor
753 744 808 787 ore
823 731 911 804 legat.

201 824 235 876 25
247 812 328 873 Inter
342 813 556 888 ephemeridas
571 813 679 872 melius
694 811 876 886 tabulasque
891 813 1031 890 iacerent,

286 899 318 955 ln
336 896 446 970 quibus
462 897 641 970 absumptas
657 896 744 955 lieret
759 912 872 956 avarus
888 914 975 972 opes.

243 981 323 1054 Ergo
338 996 395 1055 ego
413 995 468 1039 vos
487 980 578 1039 rebus
594 981 732 1055 duplices
749 996 804 1053 pro
820 981 941 1040 nomine
956 983 1050 1042 sensi.
1072 1057 1073 1062 ἵ
1133 1053 1135 1057 ,

230 1095 233 1102 κ
284 1063 423 1138 Auspicii
436 1079 579 1123 numerus
596 1080 656 1123 non
673 1071 737 1123 erat
751 1065 819 1138 ipse
833 1065 916 1124 boni.
937 1135 939 1147 Ι

245 1148 321 1221 Quid
339 1163 446 1221 precer
461 1148 570 1218 iratus,
585 1149 653 1217 ¹nisi
668 1164 726 1208 vos
744 1149 865 1208 cariosa
880 1151 1022 1208 seneclus

200 1241 235 1293 30
287 1231 402 1306 nodat,
425 1240 455 1291 et
470 1232 614 1296 inmundo
630 1249 700 1291 cera
715 1233 754 1292 sit
768 1232 838 1290 alba
852 1233 926 1292 situ!

166 1369 213 1462 13
246 1367 312 1462 iam
327 1419 421 1477 super
436 1417 582 1461 oceanum
599 1401 853 1460 venitaseniore
865 1401 972 1462 marito
1050 1405 1052 1408 ’
1129 1449 1132 1458 2

284 1487 378 1546 Flava
393 1487 539 1561 pruinoso
556 1501 636 1561 quae
652 1485 734 1543 vehit
749 1501 807 1544 axe
822 1485 911 1543 diem.

244 1571 309 1644 Quo
327 1585 489 1646 properas,
511 1571 653 1628 Animas
671 1575 773 1628 mane!
795 1571 840 1628 sic
854 1570 1024 1630 lllemnonis
1038 1569 1157 1630 umbris

283 1656 393 1714 Annua
409 1654 547 1712 sollemni
563 1653 659 1712 caede
675 1659 812 1726 parentet
825 1654 905 1712 avis.

212 1738 324 1798 aNunc
341 1738 423 1796 iuvat
438 1738 468 1795 in
485 1738 596 1796 teneris
613 1737 755 1794 dominae
770 1737 904 1796 iacuisse
920 1739 1049 1798 lacertis.

286 1822 319 1882 Si
334 1821 474 1896 artando,
496 1820 581 1879 lateri
601 1835 681 1878 nunc
695 1819 774 1879 bene
788 1822 890 1880 iuncta
905 1837 972 1880 meo
989 1829 1044 1881 est.

240 1907 325 1965 Nunc
341 1906 429 1964 etiam
446 1906 544 1964 somni
560 1906 704 1978 pingues,
724 1910 753 1962 et
768 1905 894 1978 frigidus
910 1909 969 1977 a'e'r,

282 1990 319 2047 Et
336 1989 483 2063 liquidum
499 1989 581 2047 tenui
600 1995 718 2062 gutture
734 1995 832 2046 cantat
847 1989 924 2047 avis.

241 2072 307 2145 Quo
323 2088 487 2147 properas,
511 2073 627 2145 ingrata
641 2072 730 2145 viria,
754 2072 870 2146 ingrata
886 2074 1015 2148 puellis?

199 2164 232 2216 10
284 2157 420 2215 Roscida
434 2172 588 2230 purpurea
602 2156 758 2230 supprime
772 2159 838 2214 lora
853 2164 959 2215 manu!
1019 2219 1020 2227 χ

199 2248 231 2300 lt
241 2239 340 2298 Prima
353 2239 579 2298 bidenlevides
596 2245 740 2299 oneratos
755 2255 829 2297 arva
844 2242 988 2313 colentes,

282 2323 381 2382 Prima
395 2339 490 2384 vocas
505 2325 611 2384 tardos
627 2323 769 2397 subiuga
786 2324 890 2398 panda
906 2323 1013 2382 boves.

241 2409 285 2466 Tu
300 2423 413 2481 pueros
433 2422 541 2466 somno
558 2407 697 2479 iraudaS,
720 2407 878 2480 tradisque
892 2407 1054 2481 magistris,

283 2491 323 2550 Ut
337 2492 467 2550 subeant
483 2499 605 2551 tenerae
620 2489 750 2548 verbera
766 2507 860 2549 saeva
875 2507 992 2550 manus.

118 2633 121 2646 ,
237 2574 340 2648 Atque
355 2576 461 2632 eadem
479 2591 597 2649 sponsu
625 2572 745 2635 vinctos
772 2581 841 2632 ante
857 2576 930 2634 atria
945 2575 1050 2647 mittis,

197 2668 232 2720 20
284 2659 380 2718 Unius
396 2666 428 2717 ut
444 2659 527 2718 verbi
543 2659 670 2733 grandia
686 2659 796 2717 damna
813 2659 919 2716 lerant.

239 2741 300 2801 Nee
314 2749 345 2801 lu
366 2745 522 2814 consulto,
545 2757 602 2802 nee
618 2750 650 2802 tu
667 2743 797 2822 incunda
813 2742 943 2800 diserto:

283 2825 405 2901 Cogitur
419 2826 458 2885 ad
474 2828 541 2886 lites
558 2843 683 2900 surgere
698 2833 826 2900 uterque
841 2843 948 2884 novas.

238 2909 297 2981 Tu,
321 2925 390 2968 cum
405 2910 526 2968 feminei
543 2911 663 2986 possint
680 2925 804 2969 cessare
823 2911 960 2978 labores,

280 2993 446 3052 Lanificam
462 3009 591 3053 revocas
607 2996 645 3054 ad
663 3011 718 3053 sua
736 3009 832 3068 pensa
848 3009 980 3053 manum.

196 3084 229 3138 25
243 3076 350 3136 Omnia
364 3085 550 3153 perpeterer.
575 3081 631 3137 sed
646 3093 773 3152 surgere
787 3093 876 3138 mane
893 3078 1018 3151 puellae,

282 3159 371 3236 Quia,
392 3161 450 3220 nisi
466 3162 514 3219 cui
531 3179 591 3222 non
609 3169 657 3221 est
671 3163 730 3220 ulla
746 3164 860 3235 puella,
884 3162 979 3219 lerata

239 3242 348 3318 Optavi
365 3245 517 3320 quotiens,
543 3261 581 3304 ne
595 3261 658 3304 nox
674 3245 727 3304 tibi
743 3247 852 3304 cedere
867 3246 966 3317 vellet,

279 3329 324 3386 Ne
340 3330 478 3403 lugerent
493 3331 593 3389 vnllas
609 3331 712 3388 sidera
727 3337 809 3388 mota
823 3336 907 3388 tuos!

240 3411 348 3486 Optavi
365 3415 520 3486 quotiens.
544 3421 595 3472 ant
609 3422 716 3472 ventus
734 3414 885 3486 frangeret
900 3426 997 3482 axem,

196 3504 232 3556 30
283 3495 344 3553 Ant
360 3498 483 3556 caderet
499 3513 600 3572 spissa
618 3498 699 3556 nube
714 3503 847 3556 retentas
863 3501 977 3570 erprnst
