2472 4010
397 233 424 306 Ι,
443 230 498 305 14,
514 232 556 296 22
569 265 606 278 ··-
622 231 671 308 15,
688 232 739 295 40.
1023 233 1063 298 21

136 383 201 443 Non
217 399 265 442 me
280 398 365 443 more
381 391 516 458 potuim,
539 385 612 444 dum
627 393 751 446 strenua
765 387 894 447 sustinet
907 396 1003 463 aetas,

178 466 316 526 Praemia
329 467 453 526 militiae
468 469 679 542 pulverulenta
694 470 798 544 sequi,

109 551 197 612 5Nec
213 566 261 609 me
274 550 426 611 verbosas
444 552 529 624 leges
545 551 699 625 ediscere,
722 569 779 612 nec
794 570 842 614 me

178 635 299 708 Ingrato
315 650 422 693 vocem
439 636 634 710 prostituisse
649 638 726 695 loro.
848 631 851 640 “

125 717 263 778 'Mortale
279 724 340 791 est,
363 719 447 793 quod
463 719 601 792 quaeris,
625 735 715 794 opus.
745 721 816 778 mihi
829 721 909 782 lama
923 724 1066 797 perennis

173 801 351 874 Quaeritur,
369 804 405 860 in
420 809 484 861 toto
500 819 622 877 semper
635 811 668 863 ut
683 805 757 863 orbe
772 820 873 864 coner.

135 884 228 957 Vivet
241 885 435 956 Maeonides,
457 886 599 946 Tenedos
615 887 687 948 dum
703 887 793 946 stabit
807 895 837 947 et
851 890 914 965 lde,

92 978 128 1030 10
182 968 260 1027 Dum
276 969 399 1042 rapidas
416 967 528 1029 Simois
543 971 573 1028 in
588 987 671 1029 mare
685 974 789 1030 volvet
803 989 910 1046 aquas.

134 1051 230 1109 Vivet
245 1058 275 1110 et
287 1049 458 1125 Ascraeus
484 1053 555 1112 dum
570 1055 678 1113 mustis
691 1061 755 1113 uva
769 1056 902 1130 tumebit,

178 1133 257 1193 Dum
273 1135 361 1193 cadet
375 1134 502 1194 incurva
516 1136 594 1195 falce
609 1145 729 1196 resecta
744 1153 841 1197 ceres.

110 1225 113 1230 '
134 1216 290 1276 Battiades
310 1217 433 1292 sempe'r
450 1223 513 1276 toto
530 1219 699 1280 cantabitur
714 1222 803 1280 orbe:

178 1300 323 1373 Quamvis
339 1301 461 1375 ingenio
477 1317 538 1361 non
553 1305 648 1375 valet,
673 1311 737 1364 arte
753 1305 842 1363 valet·

92 1394 125 1446 15
137 1385 227 1445 Nulla
242 1383 417 1460 Sophocleo
434 1381 535 1444 veniet
549 1387 665 1446 iectura
681 1389 840 1447 cothurno.

179 1469 253 1529 Cum
268 1470 334 1527 sole
350 1475 379 1528 ct
393 1471 465 1529 luna
480 1485 602 1543 semper
616 1471 729 1531 Aratus
745 1472 810 1531 erit.

133 1551 214 1611 Dum
229 1553 320 1610 fallax
337 1569 460 1625 servus,
482 1553 578 1612 durus
594 1562 696 1628 peter,
719 1555 859 1629 improba
874 1557 942 1615 lona

177 1635 290 1694 Vivent
302 1643 332 1695 et
345 1637 486 1694 meretrix
501 1635 628 1710 blanda,
650 1639 835 1698 Menandros
851 1639 915 1700 crit.

133 1719 252 1778 Ennius
267 1725 332 1776 arte
347 1734 456 1777 carens
471 1718 665 1794 animosique
678 1722 786 1795 Actius
802 1723 864 1783 oris

91 1813 127 1864 20
179 1802 328 1862 Casurum
342 1804 424 1862 nullo
439 1809 578 1876 ternpore
592 1819 704 1880 nornen
719 1806 842 1865 habent.

135 1887 306 1945 Varronem
321 1887 512 1960 primamque
526 1894 622 1947 ratem
638 1905 717 1964 quae
732 1891 849 1950 nesciet
863 1897 956 1964 aetas,

178 1970 343 2044 Aureaque
357 1970 495 2030 Aesonio
511 1977 597 2045 terga
611 1973 705 2047 petita
720 1973 811 2032 ducit

135 2053 275 2112 Carmina
290 2053 428 2114 sublimis
444 2049 515 2113 tunc
531 2063 602 2114 sunt
615 2057 749 2131 peritura
762 2057 897 2129 Lucreti,

178 2137 277 2197 Exitio
291 2144 388 2197 terras
405 2153 473 2197 curn
488 2137 573 2198 dabit
586 2155 648 2198 una
663 2141 739 2199 dies.

91 2231 126 2282 25
137 2221 260 2298 Tityrus
276 2228 305 2280 et
320 2221 422 2294 irriges
437 2221 617 2296 Aeneiaque
632 2240 716 2282 arma
730 2223 883 2298 legentur,

177 2306 275 2364 Roma
288 2305 462 2378 triumphati
480 2307 552 2366 dum
567 2315 659 2380 ceput
673 2307 756 2366 orbis
772 2307 837 2366 erit.

134 2390 242 2449 Donec
256 2395 343 2448 erunt
357 2388 443 2462 ignes
458 2405 612 2465 arcusque
627 2390 783 2465 Cupidinis
799 2407 897 2464 arma,

178 2471 342 2532 Discentur
356 2473 488 2546 numeri,
513 2476 593 2534 culte
607 2474 739 2546 Tibulle,
762 2475 814 2534 tui.

135 2555 241 2615 Gallus
256 2565 287 2616 et
299 2556 450 2630 hesperiis
466 2563 496 2616 et
510 2558 614 2618 Gallus
629 2566 720 2618 notus
736 2559 818 2631 soie,

92 2647 127 2700 30
180 2639 219 2699 Et
235 2656 291 2699 sua
304 2655 372 2698 eum
388 2641 475 2700 Gallo
490 2649 563 2701 nota
574 2643 705 2718 Lycoris
720 2643 785 2701 erit.

125 2723 207 2798 Ergo
224 2740 292 2784 curn
307 2724 425 2795 silices,
448 2741 517 2786 oum
532 2726 609 2785 dens
625 2725 767 2800 patientis
784 2725 875 2785 aratri

177 2807 352 2880 Depereant
366 2823 458 2881 aevo,
481 2810 615 2868 carmina
631 2815 726 2869 morte
742 2817 854 2868 carent.

135 2891 252 2950 Cedant
267 2891 452 2953 carminibus
467 2909 557 2968 reges
572 2907 740 2968 regumque
754 2892 914 2968 triumphi,

179 2973 273 3033 Cedat
287 2981 319 3034 et
332 2976 453 3035 auriferi
468 2979 536 3052 ripa
550 2977 683 3052 benigna
696 2977 785 3052 Tagi·

93 3065 126 3118 35
137 3057 222 3127 vitta,
233 3057 359 3120 miretur
375 3062 500 3134 vulgus:
525 3061 599 3120 mihi
613 3060 715 3121 ssavus
729 3062 843 3136 Apollo

176 3139 290 3201 Pocula
308 3143 438 3203 Castalia
454 3145 544 3220 plena
559 3146 706 3206 ministret
719 3161 809 3221 aqua,

137 3223 375 3302 Sustineamque
390 3244 478 3288 coma
492 3237 675 3290 metuentem
691 3231 804 3305 frigore
816 3237 962 3304 myrtum:

176 3308 280 3384 Atque
294 3311 335 3370 ita
351 3313 482 3372 sollicito
497 3313 608 3373 multus
626 3321 746 3373 amante
760 3317 853 3386 legar.

133 3390 272 3452 Pascitur
287 3395 317 3454 in
332 3396 411 3454 vivis
426 3396 527 3456 Livor.
559 3399 706 3471 postlata
721 3393 865 3470 quiescit,

92 3483 127 3536 40
181 3475 256 3536 Cum
272 3495 347 3538 suus
363 3494 400 3538 ex
418 3481 525 3540 merito
541 3495 694 3555 quemque
709 3486 808 3539 tuetur
823 3475 931 3538 bonos.
