2488 4006
356 528 359 532 Ι
425 598 807 696 llltlltllll.

508 792 714 804 ..α-ιι--ι

188 998 279 1100 flanc
293 1039 346 1096 tua
359 1031 513 1107 Penelope
527 1031 609 1092 lento
623 1033 677 1092 tibi
691 1030 792 1104 mittit,
814 1027 914 1090 Ulixe.

231 1117 279 1177 Nil
292 1115 365 1176 mihi
379 1115 544 1176 rescribas.
566 1121 597 1175 at
610 1121 710 1176 tamen
726 1115 795 1190 ipse
809 1113 891 1174 veni.

189 1202 279 1263 Troia
293 1202 373 1260 iacet
387 1206 484 1272 certe,
506 1199 620 1258 Danais
639 1199 740 1259 invisa
755 1197 876 1274 puellis,

207 1329 209 1332 -
233 1285 295 1343 Vix
309 1282 445 1343 Priamus
461 1282 536 1343 tanti
551 1289 677 1357 totaque
690 1282 781 1342 Troia
795 1281 859 1341 luit.

162 1367 214 1430 50
229 1368 344 1428 utinam
358 1373 437 1440 tum,
459 1381 527 1426 cum
541 1367 775 1426 Lacedaemona
790 1367 890 1424 classe
904 1363 1036 1438 petebat,

234 1449 366 1511 Obrutus
382 1450 500 1510 insanis
513 1456 597 1509 esset
611 1449 728 1509 adulter
742 1449 847 1523 aquist

190 1535 257 1594 Non
273 1549 331 1609 ego
347 1533 470 1594 deserto
485 1533 649 1593 iacuissem
665 1533 774 1609 frigida
790 1535 878 1604 lecto,
965 1588 968 1592 .
1045 1536 1048 1542 '

232 1618 299 1678 Non
315 1632 461 1692 quererer
475 1617 581 1677 tardos
596 1617 642 1677 ire
655 1618 761 1677 relicta
778 1617 862 1676 dies:

189 1701 252 1762 Noc
267 1700 339 1760 mihi
355 1701 512 1775 quaerenti
527 1702 695 1777 spatiosam
711 1702 815 1760 lallere
828 1706 948 1758 noctem

148 1793 183 1846 10
234 1785 398 1844 Lassasset
413 1783 523 1843 viduas
537 1784 673 1858 pendula
686 1786 747 1844 tela
760 1799 880 1842 manus

191 1867 319 1942 Quando
335 1883 393 1942 ego
408 1883 471 1926 non
485 1866 570 1926 timui
584 1868 726 1942 graviora
741 1865 879 1952 pericula
891 1865 996 1928 veriat

231 1951 294 2012 Res
309 1957 357 2010 est
373 1949 493 2010 solliciti
510 1952 601 2026 plena
617 1950 733 2010 timoris
750 1965 845 2010 amor.

190 2035 224 2093 ln
239 2039 269 2094 te
285 2032 438 2109 fingebam
452 2033 604 2094 violentos
618 2033 714 2094 Troas
728 2034 835 2094 ituros.

231 2117 365 2176 Nomine.
374 2116 405 2176 in
420 2115 571 2177 Hectoreo
586 2117 701 2192 pallida
715 2131 838 2192 semper
852 2130 944 2176 eram.

148 2208 181 2262 15
193 2199 266 2260 Sive
282 2201 350 2275 quis
367 2199 562 2261 Antilochum
577 2200 720 2260 narrabat
733 2200 772 2259 ab
787 2200 917 2259 Hectore
932 2198 1053 2271 victum,

231 2283 413 2345 Antilochus
428 2283 524 2343 nostri
540 2298 635 2342 eausa
649 2283 766 2343 timoris
784 2289 863 2342 erat:
966 2286 970 2297 ·

192 2366 277 2438 Sive,
296 2365 510 2427 Menoetiaden
526 2366 612 2425 salsis
625 2366 778 2427 cecidisse
793 2364 853 2426 sub
867 2363 966 2439 armis,

231 2449 356 2509 Flebam
370 2463 520 2509 successu
535 2465 631 2524 posse
646 2464 751 2510 carere
766 2449 872 2509 dolosa

126 2607 130 2614 Ι
190 2531 346 2606 Sanguine
359 2532 552 2608 Tlepolemus
565 2533 692 2612 Lyciam
708 2534 895 2610 tepefecerat
909 2531 1037 2606 hastam,

129 2669 132 2677 i
146 2625 182 2678 ao
233 2615 400 2690 Tlepolemi
414 2616 474 2676 leto
490 2632 563 2676 cura
577 2624 691 2676 novata
705 2633 774 2676 mea
788 2623 844 2676 est.

188 2698 343 2774 Denique,
367 2699 507 2775 quisquis
523 2707 588 2760 erat
601 2702 711 2762 castris
726 2700 878 2776 iugulatus
893 2699 1031 2775 Achivis,

230 2780 382 2858 Frigidius
396 2782 496 2857 glacie
509 2791 618 2859 pectus
634 2784 763 2844 amantis
778 2789 853 2844 erat.

190 2863 349 2924 Sedlbene
364 2867 519 2927 consuluit
532 2874 618 2930 casto
634 2868 711 2928 dens
727 2883 845 2942 aequus
862 2867 967 2927 amori.

230 2946 333 3009 Versa
346 2956 395 3010 est
408 2949 438 3008 in
454 2949 573 3010 cineres
589 2951 707 3025 sospite
719 2951 809 3010 Troia
823 2950 899 3012 viro.

145 3040 180 3095 25
190 3031 326 3108 Argolici
339 3033 459 3092 rediere
474 3033 580 3094 duces.
602 3035 707 3095 altaria
722 3034 851 3094 fumant:

231 3114 356 3176 Ponitur
370 3117 409 3177 ad
425 3116 541 3192 patrios
555 3116 687 3177 barbara
699 3119 816 3192 praeda
831 3119 920 3178 deos.

190 3198 283 3259 Grata
301 3200 402 3260 lerunt
414 3200 569 3280 nymphae
582 3217 643 3276 pro·
657 3201 751 3262 salvis
767 3203 851 3265 dona
863 3199 994 3262 maritis=

231 3282 277 3341 llll
291 3283 374 3342 victa
388 3283 452 3344 suis
467 3284 576 3344 Troica
592 3284 654 3344 iata
668 3294 791 3347 canunt.

190 3364 337 3426 Mirantur
351 3366 484 3442 iustique
498 3381 590 3427 senes
605 3369 807 3445 trepidaeque
823 3369 971 3446 puellaez*

149 3455 185 3509 30
235 3447 389 3509 Narrantis
405 3450 540 3511 coniunx
553 3451 668 3526 pendet
681 3451 720 3511 ab
734 3469 789 3514 ore
802 3453 870 3512 viri.

193 3530 293 3605 Atque
307 3529 418 3608 aliquis
432 3533 534 3608 posita
547 3535 774 3595 monstratione
788 3536 904 3612 praelia
920 3550 1038 3610 mensa,
