2498 4008
201 703 273 800 tt
300 701 572 801 mutarunt
600 703 745 800 tltttt
771 704 913 802 tttln.

464 929 668 940 ——-—-

144 1085 279 1195 Discite,
304 1137 381 1195 quae
398 1121 507 1180 faciem
526 1122 717 1180 commendet
733 1136 821 1194 cura,
846 1123 977 1196 puellae,

185 1204 222 1264 Et
238 1221 298 1278 quo
316 1205 356 1264 sit
370 1203 461 1262 vobis
477 1204 575 1262 sorma
589 1204 702 1262 tuenda
717 1204 820 1262 modo.

146 1288 248 1347 Cultus
264 1287 386 1346 numum
403 1286 536 1346 sterilem
552 1286 687 1354 Cerealia
703 1285 839 1360 pendere
854 1284 944 1370 iussit

186 1370 327 1440 Munera,
347 1370 509 1428 mordaces
526 1370 665 1428 interiere
679 1367 755 1427 rubi.
986 1437 989 1443 .

116 1454 248 1516 5Cultns
264 1459 292 1511 et
307 1453 337 1510 in
352 1453 452 1528 pomis
469 1467 579 1511 succos
595 1452 737 1524 emendat
751 1451 889 1522 acerbos

187 1537 334 1609 Cultaque
350 1536 512 1610 adoptivas
528 1535 638 1608 accipit
653 1533 744 1593 arbor
759 1545 845 1608 opes.
1038 1566 1080 1578 -

145 1617 229 1678 Culta
245 1622 374 1692 placent.
399 1633 472 1676 auro
488 1618 629 1676 sublimia
642 1624 723 1677 tecta
740 1617 878 1689 linuntur,

186 1703 277 1775 Nigra
293 1700 350 1758 sub
366 1701 509 1774 imposito
524 1715 675 1759 marmore
693 1708 772 1759 terra
787 1701 872 1760 latet:

144 1783 267 1842 Vellera
283 1797 378 1856 saepe
393 1782 501 1842 cadem
515 1781 607 1860 Tyrio
623 1784 812 1842 medicantur
827 1787 918 1842 aeno:

102 1879 137 1928 10
191 1865 301 1925 Sectile
317 1866 433 1924 deliciis
448 1865 535 1924 India
550 1866 676 1940 praebet
691 1865 775 1924 ebur.

145 1949 286 2028 Forsitan
303 1948 445 2023 antiquae
460 1949 543 2008 Tatio
561 1947 616 2007 sub
632 1963 705 2022 rege
722 1947 853 2006 Sabinae

187 2032 371 2105 Maluerant,
395 2048 486 2107 quam
503 2047 551 2105 se,
574 2047 645 2090 rura
659 2037 786 2106 paterna
800 2029 873 2088 colit

146 2115 219 2174 Cum
235 2121 388 2188 matrona,
411 2130 553 2189 premens
574 2115 665 2173 altum
679 2113 850 2172 rubicunda
866 2111 972 2187 sedile,

187 2198 447 2257 Assiduum-duro
464 2199 576 2273 pollice
590 2199 682 2256 nebat
697 2213 786 2270 opus,

104 2291 136 2343 15
147 2282 280 2355 Ipsaque
296 2280 458 2340 claudebat
473 2297 551 2356 qnos
567 2281 629 2340 filia
647 2289 788 2354 paverat,
812 2294 918 2352 agnos

187 2365 260 2437 Ipsa
276 2364 368 2423 dabat
382 2363 485 2437 virgas
502 2379 656 2438 caesaque
671 2364 753 2438 ligna
768 2364 848 2422 soco.

145 2447 185 2504 At
200 2455 323 2505 nostrae
337 2454 450 2506 matres
465 2454 585 2506 teneras
604 2461 751 2522 peperere
767 2445 896 2520 puellas.

186 2529 286 2588 Vultis
302 2528 437 2588 inaurata
453 2545 584 2605 corpora
598 2537 684 2589 veste
699 2531 768 2604 tegi,

144 2611 245 2671 Vultis
263 2613 408 2672 odoratos
424 2615 524 2688 positu
540 2613 660 2672 variare
675 2615 814 2688 capillos

102 2707 136 2759 ao
189 2695 378 2768 ConspIcuas
395 2697 521 2770 gemmis
538 2697 627 2756 vultis
644 2696 757 2755 habere
774 2713 896 2756 manus:

144 2778 270 2837 Induitis
288 2780 366 2837 collo
382 2780 501 2854 lapides
519 2780 633 2839 oriente
649 2780 771 2854 petiae,

186 2861 224 2920 Et
240 2870 371 2936 quantos
388 2877 466 2922 onus
482 2871 529 2923 ost
544 2879 616 2922 aure
631 2863 739 2923 tulisse
757 2864 845 2922 duos.

144 2943 207 3002 Nec
220 2953 319 3004 tamen
338 2944 508 3020 indignum,
533 2946 559 3004 si
575 2945 663 3004 vobis
681 2947 918 3021 complacendi,

189 3027 262 3087 Cum
277 3037 417 3102 cornutos
435 3029 567 3088 habeant
583 3029 706 3090 saecula
721 3038 825 3090 nostra
839 3031 933 3090 uiros.

102 3119 136 3172 25
147 3108 288 3170 Feminea
303 3113 396 3170 vestri
412 3113 566 3187 potiuntur
580 3114 648 3187 lege
664 3114 770 3184 mardi,

186 3193 224 3252 Et
242 3194 293 3253 vix
309 3195 349 3253 ad
364 3198 463 3256 cultus
478 3204 589 3271 nupta,
613 3198 696 3270 quod
711 3197 817 3269 addat,
838 3195 939 3254 habet.

102 3332 105 3338 ,
143 3276 201 3338 Pro
218 3293 252 3336 se
268 3294 409 3353 quaeque
425 3288 533 3354 parent
548 3296 625 3354 quos
642 3288 670 3340 ot
684 3288 834 3339 venentur
849 3291 995 3352 amores(

185 3362 298 3421 Refert.
321 3363 468 3422 munditia
485 3363 610 3422 crimina
625 3366 706 3423 nulla
720 3370 844 3420 merent.

142 3443 225 3503 Rure
239 3445 332 3505 latent
346 3446 525 3522 finguntque
540 3462 654 3506 comas.
677 3447 747 3504 licet
762 3445 876 3504 arduus
891 3444 959 3504 illas

99 3534 134 3588 30
189 3527 271 3586 Celet
284 3530 397 3603 Athos,
422 3533 518 3590 cultas
533 3533 611 3589 altus
626 3527 749 3588 habebit
762 3528 870 3588 Athos.
