2488 4006
135 241 178 304 92
521 233 771 297 HEROIDES.

221 392 277 452 Dic
292 405 365 466 age,
386 390 413 450 si
427 388 548 449 ventis..
569 393 604 447 ut
618 387 771 463 oportuit.
792 393 879 448 actus
895 385 1010 462 iniquis

265 477 418 535 Intrasses
435 478 542 548 portus
558 476 652 545 tuque
668 485 836 546 comesque
850 485 948 544 mace,

224 557 384 632 Obviaque
398 557 533 618 exissem
549 554 611 613 latu
626 554 789 614 comitante
804 555 988 630 gemellot...

265 643 393 702 Hiscere
407 655 518 714 nempe
533 636 586 698 tibi
601 644 682 698 terra
695 639 835 713 roganda
849 637 919 698 fuit!

159 735 211 790 145
223 727 288 800 Quo
306 725 390 786 vultu
403 730 508 793 natos
532 737 594 798 quo
608 736 672 794 me,
697 723 861 794 scelerate,
885 719 1031 782 viderest

266 807 417 868 Perfidiae
433 807 531 882 pretio
550 821 611 881 qua
624 821 701 864 nece
716 805 827 880 dignus
843 811 934 865 erast

223 891 437 970 lpsequidem
452 907 507 966 per
521 904 570 948 me
586 895 668 950 tutus
684 903 861 964 sospesque
879 889 1009 951 luisses:

264 976 332 1035 Non
348 976 421 1050 quia
434 982 467 1034 tu
483 972 609 1049 dignus,
630 972 687 1032 sed
703 973 780 1046 quia
791 973 870 1032 mitis
886 988 955 1048 ego.

222 1059 332 1120 Pelieis
347 1060 417 1134 ipsa
431 1074 517 1118 meos
532 1057 711 1130 implessem
726 1057 875 1132 sanguine
890 1057 1002 1130 vultus,

160 1153 211 1206 150
265 1143 412 1218 Quosque
425 1141 584 1202 veneficiis
600 1140 724 1200 abstulit
739 1141 790 1199 illa
805 1141 881 1200 suis.

223 1227 353 1288 Medeae
367 1226 477 1286 Medea
492 1226 598 1285 forem.
636 1223 723 1296 Quod
738 1217 840 1299 siquid
854 1223 892 1283 ab
909 1227 969 1284 alto

267 1311 369 1371 Iustus
384 1311 474 1370 adest
487 1308 568 1369 votis
582 1307 802 1382 luppiteripse
817 1308 903 1381 meiS,

104 1418 114 1438 =
225 1393 314 1468 Quod
329 1394 422 1468 gemit
434 1392 626 1471 Hypsipyle,
649 1391 718 1450 lecti
737 1407 862 1465 quoque
876 1391 1018 1451 subnuba
1033 1392 1133 1451 nostri

267 1477 416 1549 Maereat,
440 1478 568 1550 alleges
584 1474 695 1534 sentiat
708 1475 778 1550 ipsa
793 1491 877 1535 suas.

161 1570 212 1624 tab
222 1560 326 1636 thue
340 1575 397 1634 ego
413 1561 563 1620 destituor
578 1558 712 1618 coniunx
727 1566 884 1634 materque
902 1559 1039 1630 duorum,

135 1663 138 1672 ¹
266 1646 296 1703 A
310 1644 436 1704 totidem
451 1644 530 1703 natis
545 1642 621 1702 orba
636 1642 689 1715 sit,
713 1658 793 1717 aque
809 1644 885 1704 viro.

224 1727 287 1786 Nec
303 1727 383 1786 male
397 1735 486 1803 parta
500 1727 553 1786 diu
566 1733 682 1798 teneat,
706 1729 856 1801 peiusque
870 1727 1036 1801 relinquat:

217 1851 223 1860 =
266 1810 391 1883 Exulet,
412 1819 442 1870 et
455 1819 519 1871 toto
537 1816 664 1884 quaerat
678 1809 706 1868 in
723 1811 798 1870 orbe
814 1811 925 1886 lugam.

227 1891 323 1967 Quam
338 1893 421 1952 iratri
436 1909 582 1969 germana
596 1893 651 1953 luit
665 1893 841 1968 miseroque
858 1895 973 1969 parenti

160 1985 214 2041 160
265 1976 355 2050 Filia,
379 1984 440 2038 tam
455 1979 549 2050 natis,
569 1983 630 2036 tam
646 1975 684 2036 sit
699 1977 811 2037 acerba
826 1978 902 2038 viro.
1236 1941 1239 2010 ⁴

225 2060 299 2120 Cum
315 2075 412 2137 mare,
437 2078 505 2122 cum
520 2066 617 2122 terras
636 2062 876 2135 consumpserit,
900 2063 971 2121 aera
985 2067 1129 2136 temptet:

266 2145 354 2204 Erret
368 2145 473 2222 inops,
497 2160 626 2219 exspeS,
650 2144 745 2204 caede
760 2151 884 2204 eruenta
899 2161 965 2205 sua.

223 2227 396 2301 Haec-ego,
419 2229 561 2304 coniugio
577 2228 717 2288 fraudata
729 2227 895 2289 Thoantias
911 2244 975 2288 oro.

266 2310 368 2372 Vivite
382 2312 494 2372 devoto
509 2318 667 2386 nuptaque
681 2312 790 2386 virque
804 2318 886 2373 toro!

548 2444 754 2456 -ψ

615 2525 679 2587 vll.

225 2603 282 2703 Sic
297 2641 349 2704 ubi
363 2643 425 2703 lata
439 2650 563 2716 vocant,
589 2643 656 2704 udis
673 2644 810 2704 abiectus
825 2643 855 2702 in
870 2642 974 2702 herbis

265 2726 316 2786 Ad
330 2727 411 2787 vada
425 2727 583 2787 Maeandri
598 2727 730 2788 concinit
743 2726 831 2788 albus
848 2728 923 2786 olor.

222 2809 285 2870 Nec
300 2810 371 2883 quia
387 2817 417 2870 te
430 2819 537 2870 nostra
552 2825 675 2886 sperem
690 2825 782 2886 prece
798 2825 892 2884 posse
909 2810 1034 2882 moveri,

265 2893 436 2968 Adloquor.
458 2894 591 2954 adverso
607 2895 759 2954 movimus
776 2894 835 2954 ista
850 2895 920 2953 deo.

194 2983 212 3038 5
225 2975 288 3037 Sed
303 2977 409 3036 merita
423 2983 453 3036 et
468 2977 578 3036 lamam
594 2993 769 3053 corpusque
784 2977 977 3053 animumque
993 2976 1144 3052 pudicum

267 3060 340 3119 Cum
354 3062 434 3119 male
448 3061 648 3135 perdiderim,
671 3061 802 3136 perdere
817 3061 912 3120 uerba
926 3062 994 3120 leve
1008 3068 1067 3120 est.

223 3144 330 3204 certus
347 3159 381 3203 es
396 3143 441 3202 ire
455 3150 555 3204 tomen
570 3145 775 3220 miseramque
789 3145 964 3219 relinquere
978 3143 1090 3218 Didon,

264 3227 367 3303 Atque
382 3227 464 3288 idem
480 3230 562 3289 venti
576 3229 646 3288 vela
660 3230 816 3304 fidemque
831 3230 950 3289 ferenti

223 3310 393 3386 dertusae,
417 3313 540 3386 Aenea,
564 3329 632 3372 cum
647 3313 772 3374 loedere
788 3315 912 3374 solvere
926 3327 1033 3388 naves,

181 3403 216 3456 10
269 3393 415 3469 Quaeque
428 3395 480 3454 ubi
497 3397 556 3456 sint
570 3397 686 3468 nescis,
708 3398 782 3458 ltala
796 3411 892 3471 regna
907 3397 1005 3470 sequi,
1121 3421 1123 3425 ·

221 3473 285 3535 Nec
300 3492 382 3537 nova
397 3477 562 3554 Carthago,
585 3495 643 3539 nec
657 3487 687 3538 te
702 3481 872 3541 crescentia
886 3488 1014 3555 tangunt
