2498 4008
144 215 206 278 rm
239 193 243 201 '
503 209 643 272 Auris
665 211 803 272 lum.

163 377 215 432 aaa
268 365 301 426 Si
316 365 389 426 nihil
404 365 553 438 attuleris,
575 364 648 436 itis,
668 363 815 438 Homere,
840 366 932 426 foras.

228 449 304 510 Sunt
320 456 421 509 tamen
437 456 466 507 et
479 449 603 521 doctae,
626 447 783 507 rarissima
797 449 900 522 turba,
923 451 1046 523 puellae

266 533 371 592 Altera
386 547 447 592 non
464 532 573 592 doctae
588 530 691 603 turba,
712 533 768 591 sed
784 547 855 592 esse
870 533 987 592 volunt.

225 617 362 688 Utraque
376 614 516 675 laudetur
531 630 587 689 per
601 615 744 674 carmina.
770 616 903 674 carmina
917 619 1014 676 lector

270 699 466 759 Commendet
480 699 561 758 dulci
577 697 809 772 qualiacumque
825 713 913 759 sono.

162 791 213 846 285
224 783 279 842 His
295 797 367 855 ergo
382 789 433 842 aut
448 782 507 841 illis
525 781 678 854 vigilatum
697 796 817 840 carmen
836 781 865 840 in
882 784 968 857 ipsas

267 865 406 924 Forsitan
422 865 523 938 exigui
541 864 673 922 muneris
688 865 784 930 instar
797 865 863 924 erit.

225 950 265 1008 At
281 949 365 1023 quod
379 947 440 1008 eris
455 963 510 1022 per
522 955 553 1006 te
568 948 714 1020 facturuS,
738 955 767 1006 et
781 948 852 1006 utile
867 948 977 1022 credis,

268 1033 303 1091 ld
317 1039 368 1092 tua
383 1039 412 1091 te
430 1031 520 1090 facito
537 1045 659 1105 semper
674 1031 771 1090 amica
784 1039 879 1105 roget.
948 1049 952 1055 ¹·

225 1116 361 1175 Libertas
377 1115 466 1174 alicui
481 1115 571 1173 fuerit
586 1113 737 1187 promissa
752 1121 886 1174 tuorum:

75 1218 78 1223 ·
161 1207 214 1263 290
265 1200 351 1258 Hanc
366 1205 466 1258 tamen
481 1213 500 1255 a
513 1198 637 1256 domina
651 1195 699 1256 fac
715 1205 797 1272 petat
811 1197 861 1257 ille
874 1205 936 1258 tua.

196 1308 199 1315 ·
226 1281 259 1342 Si
271 1284 403 1356 poenam
419 1297 528 1354 servo,
549 1281 575 1339 si
588 1281 711 1339 vincula
726 1296 820 1340 saeva
832 1283 967 1356 remittis,

268 1365 357 1438 Quod
372 1364 505 1423 facturus
520 1379 603 1434 eras,
629 1363 739 1422 debeat
753 1365 804 1422 illa
817 1363 879 1423 tibi.

224 1447 343 1508 Utilitas
358 1454 410 1508 tua
425 1448 477 1520 sit,
499 1447 602 1506 titulus
620 1446 751 1522 donetur
765 1447 890 1507 amicae.
914 1518 918 1524 ¹

264 1531 363 1590 Perde
377 1530 464 1602 nilril,
483 1531 583 1612 partis
603 1530 654 1588 illa
667 1532 799 1604 potentis
815 1539 893 1605 agat.

161 1623 211 1678 295
226 1614 288 1674 Sed
301 1623 345 1687 te,
370 1615 551 1687 cuicumque
567 1621 614 1672 est
626 1613 802 1675 retinendae
818 1630 892 1675 cura
908 1615 1038 1692 puellae,

266 1699 435 1757 Attonitum
452 1697 548 1756 forma
563 1697 610 1755 fac
626 1703 710 1771 putet
724 1713 795 1757 esse
810 1715 876 1758 sua.
984 1708 988 1712 ·

224 1781 297 1841 Siue
312 1782 367 1840 erit
381 1781 411 1839 ln
425 1781 541 1857 Tyriis,
563 1780 673 1856 Tyrios
688 1782 828 1860 laudabis
845 1783 986 1844 amictus:

202 1923 206 1937 ,
267 1863 339 1923 Sive
354 1863 410 1924 erit
423 1865 454 1922 in
470 1863 555 1935 Cois,
579 1863 642 1923 Coa
657 1866 768 1925 decere
782 1874 863 1941 puta.
980 1871 984 1877 ’

223 1949 339 2009 Aurata
354 1954 421 2006 estt
442 1948 510 2022 ipso
529 1947 582 2007 tibi
599 1947 638 2008 sit
654 1948 816 2022 pretiosior
830 1966 915 2011 auro.
1017 2005 1022 2016 ..

160 2040 211 2094 300
264 2031 409 2106 Gausapa
425 2031 452 2090 si
467 2032 610 2106 sumpsit,
632 2047 772 2108 gausapa
786 2041 906 2108 sumpta
919 2033 1026 2110 proba.

221 2114 360 2174 Astiterit
372 2115 520 2187 tunicata,
543 2119 663 2176 ‘moves
680 2116 832 2176 incendia'
849 2118 954 2190 clama,

265 2196 328 2258 Sed
342 2197 462 2271 timida,
485 2206 593 2258 caveat
606 2199 734 2273 frigora,
758 2215 837 2260 voce
851 2216 935 2276 roga.

224 2281 422 2355 Conpositum
439 2280 602 2343 discrimen
617 2283 686 2354 erit,
709 2282 884 2344 discrimina
898 2283 1005 2344 lauda:

260 2364 397 2424 Torserit
409 2364 480 2438 igne
495 2379 628 2439 comam,
650 2372 728 2426 torte
743 2366 867 2442 capillo,
888 2368 987 2442 place.

64 2493 65 2496 ,
156 2455 208 2510 ³05
218 2443 349 2507 Brachia
366 2447 518 2519 saltantis,
538 2449 771 2530 vocemmirare
787 2453 933 2524 canentiS,
991 2451 995 2459 '

262 2529 315 2603 Et,
340 2531 425 2604 quod
440 2529 579 2606 desierit,
594 2532 696 2592 uerba
711 2535 865 2607 querentis
881 2533 971 2594 habe.

220 2613 312 2690 Ipsos
328 2612 523 2688 concubitus,
546 2615 647 2690 ipsum
662 2631 808 2676 venerere
824 2617 926 2678 licebit
1003 2645 1007 2652 ·

176 2705 179 2714 ’
264 2696 351 2770 Quod
365 2697 461 2771 iuvat,
485 2704 514 2756 et
528 2698 673 2772 praedam
688 2700 801 2774 gaudia
815 2701 913 2760 noctis
929 2701 1017 2762 habe.

219 2780 259 2840 Ut
273 2780 362 2840 fuerit
377 2787 466 2840 terve
483 2781 645 2841 violentior
660 2782 711 2842 illa
725 2783 864 2858 Medusa,

47 2855 55 2860 ’
153 2871 209 2925 310
260 2863 326 2922 rtet
340 2865 466 2924 amatori
480 2864 557 2924 lenis
573 2872 602 2924 ct
616 2881 715 2941 acqua
729 2882 796 2927 suo.

219 2947 362 3022 Tantum,
385 2963 425 3008 ne
439 2955 545 3023 pateas
559 2948 662 3010 verbis
677 2951 834 3012 simulator
849 2951 880 3010 in
898 2950 966 3026 illis,

260 3027 373 3104 Effice,
395 3045 454 3090 nee
467 3031 553 3102 vultu
568 3032 692 3094 destrue
707 3034 788 3094 dieta
803 3041 865 3095 tuo.
912 3046 916 3057 ‘

220 3110 252 3172 Si
266 3113 340 3174 latet
354 3129 419 3186 ars,
442 3115 579 3188 prodest.
602 3117 701 3178 adfert
715 3119 869 3194 deprensa
883 3117 1044 3194 pudorem,

146 3215 147 3218 ¹
179 3212 187 3218 ’
258 3197 361 3273 Atque
375 3195 480 3259 adimit
495 3201 604 3261 merito
616 3203 737 3277 tenipus
753 3203 783 3262 in
800 3217 890 3262 omne
904 3202 1008 3265 iidem.
1072 3269 1077 3276 ¹,

151 3285 205 3341 315
217 3277 318 3355 Saepe
333 3281 389 3342 sub
407 3291 597 3358 autumnum,
621 3301 689 3344 cum
704 3287 947 3348 formosissimus
962 3301 1075 3361 annus,

249 3363 414 3439 ,Plenaque
430 3382 584 3442 purpureo
600 3369 746 3430 subrubet
760 3387 823 3432 uva
836 3387 932 3444 merc,
1245 3401 1246 3436 t

220 3445 291 3504 Cum
305 3448 398 3508 modo
413 3447 577 3525 frigoribus
591 3453 750 3528 premitur,
767 3457 860 3517 modo
875 3455 1007 3518 solvitur
1017 3462 1123 3532 aestu,
1151 3481 1154 3490 ⁴
1245 3453 1246 3466 ¹
