2472 4010
117 273 159 338 oo
487 304 490 308 -
527 266 723 330 nuceum
818 253 821 270 ²

159 433 194 488 20
246 424 351 494 Absit,
375 423 449 482 etin
465 424 544 481 lecto
561 420 687 481 crimine
703 438 785 496 pone
801 431 863 483 tuo.

201 508 265 568 lllic
280 522 337 567 nec
352 507 485 566 tunicam
498 505 551 564 tibi
567 506 605 565 sit
622 503 767 580 posuisse
782 507 923 582 pudori‚·

243 591 306 651 Nec
322 588 430 650 femori
444 590 608 664 inpositum
625 589 808 649 sustinuisse
823 593 930 652 femur.

203 676 267 735 lllic
284 673 446 750 purpureis
464 673 613 732 condatur
627 673 730 746 lingua
744 674 877 748 labellis,
948 683 950 693 ’

225 759 339 832 'Inque
353 757 464 836 modos
481 770 624 814 venerem
641 756 723 816 mille
740 757 849 831 figuret
864 773 960 820 emor.

158 851 192 905 25
203 842 267 903 lllic
283 857 340 900 nec
355 855 450 899 voees
466 853 523 898 nee
538 837 634 898 v'crba
648 839 782 898 iuvantia
799 851 937 915 cessent,

244 924 433 1000 Spondaque
449 923 566 982 lasciva
583 921 747 982 mobilitate
762 930 876 985 tremet.

201 1009 296 1069 lndue
312 1024 380 1067 cum
396 1006 506 1066 tunicis
522 1012 703 1064 metuentem
719 1007 844 1081 crimina
854 1009 988 1084 uultum,

173 1125 175 1128 -
242 1093 280 1152 Et
296 1091 396 1166 pudor
413 1090 579 1150 obscenum
595 1089 757 1150 diffiteatur
773 1107 863 1164 opus

99 1168 101 1174 ’
200 1175 246 1235 Da
262 1175 392 1251 populo,
415 1171 564 1232 da-verba
578 1172 662 1231 mihi.
692 1173 774 1250 sine,
798 1176 922 1236 nescius
941 1191 1054 1250 errem,

157 1267 193 1321 30
244 1259 282 1318 Et
296 1259 386 1316 liceat
401 1258 493 1316 stulta
510 1256 687 1315 credulitate
704 1257 771 1316 lrui.

201 1343 260 1402 Cur
274 1343 385 1402 totiens
403 1340 494 1400 video
513 1339 587 1398 mitti
599 1339 762 1416 recipique
776 1341 926 1402 tabellas?

243 1426 305 1486 Cur
315 1438 442 1499 pressus
456 1422 540 1497 prior
557 1421 604 1481 est
618 1423 804 1500 interiorque
820 1431 926 1486 torus?

202 1509 260 1569 Cur
276 1510 360 1583 plns,
383 1523 473 1582 quem
489 1521 612 1579 somno,
623 1507 766 1568 xturbatos
785 1507 856 1568 esse
873 1507 1002 1583 capillos
1022 1509 1024 1513 '

244 1593 389 1666 Collaque
406 1585 564 1664 conspicio
581 1590 680 1650 dentis
694 1590 811 1652 habere
827 1598 948 1652 notam?

156 1683 191 1738 35
202 1676 327 1736 Tantum
344 1689 406 1734 non
423 1674 529 1734 oculos
547 1671 660 1731 crimen
676 1673 805 1736 deducis
820 1676 860 1734 ed
878 1677 974 1750 ipsos.

242 1758 274 1818 Si
290 1758 408 1818 dubites
426 1757 531 1816 lamae
541 1770 682 1831 parcere,
706 1773 799 1832 parce
813 1758 894 1817 mihi.

197 1842 286 1902 Mens
302 1841 365 1901 abit
379 1849 409 1902 et
425 1838 551 1913 morior,
576 1840 717 1912 quotiens
732 1856 882 1914 peccasse
897 1841 1015 1902 lateris:
1049 1835 1054 1845 '

239 1924 460 2000 Perquemees
479 1929 561 1982 artus
579 1922 689 1997 frigide
702 1931 786 1998 gutta
799 1923 874 1987 ssuit.

197 2010 280 2070 Tunc
296 2023 376 2068 amo
406 2015 478 2068 tunc
494 2006 545 2066 odi
562 2004 688 2079 frustra,
706 2008 789 2081 quod
804 2023 906 2068 amare
920 2025 1051 2070 necesse
1065 2019 1129 2074 est=

154 2091 324 2154 loTunc
339 2105 411 2165 ego,
432 2091 490 2150 sed
503 2096 618 2164 tecum,
639 2097 776 2150 mortuus
793 2106 865 2152 esse
879 2089 979 2151 velim.

154 2101 246 2234 40llil
261 2174 425 2249 equidem'
417 2173 578 2258 inquiram.
609 2189 667 2232 nec
685 2189 764 2247 quae
781 2178 882 2235 celare
900 2173 1041 2258 parabis,
1124 2185 1128 2191 ·
1232 2173 1233 2212 l

238 2257 396 2352 Insequar
428 2263 458 2316 et
471 2249 582 2316 'falsum
596 2257 731 2325 muneris
749 2257 845 2318 instar
860 2259 924 2318 erit.

196 2340 228 2401 st
243 2341 366 2401 temen
358 2357 389 2399 in
404 2340 506 2400 media
520 2339 673 2412 deprensa
687 2340 832 2401 tenebere
846 2342 950 2416 culpe,
1086 2417 1090 2422 .

237 2424 275 2483 Et
288 2425 399 2485 fuerint
414 2422 511 2484 oculis
525 2421 640 2496 probra
654 2423 789 2484 videnda
805 2423 897 2497 mele,
960 2448 963 2456 ¹
1003 2433 1006 2436 “

152 2515 187 2570 45
200 2507 283 2580 Quae
300 2507 379 2566 bene
394 2509 463 2567 visa
476 2505 549 2564 mihi
564 2506 686 2580 luerint,
707 2505 786 2568 bene
800 2508 870 2568 visa
883 2469 1051 2605 negator*-

228 2590 417 2651 Concedent
429 2589 531 2650 verbis
544 2589 657 2648 lumina
672 2597 778 2650 nostra
794 2592 892 2653 tuis.
962 2607 968 2617 ’

193 2674 293 2734 Prona
310 2673 361 2734 tibi
374 2674 455 2734 vinci
473 2672 644 2748 cupientem
657 2674 781 2734 vincere
795 2676 897 2750 palma
912 2682 972 2734 est:
1037 2701 1040 2704 ·

237 2757 282 2817 Sit
301 2758 485 2835 modo‘non
503 2756 574 2815 feci'
594 2755 697 2816 dicere
712 2758 817 2832 lingue
831 2771 958 2819 memor.
1012 2767 1015 2776 ·
1060 2773 1078 2830 J

196 2841 268 2900 Cum
284 2838 338 2907 tibi
352 2842 507 2922 contingat
524 2839 627 2899 verbis
643 2854 790 2916 superare
807 2843 945 2918 duobuS,
971 2865 984 2874 ··

151 2936 186 2988 50
237 2922 302 2982 Etsi
317 2939 378 2982 non
393 2939 502 3000 eausa
525 2923 626 2982 iudice
643 2923 761 2985 vincet
749 2932 810 2985 uto.

111 3055 164 3148 15
196 3055 321 3159 Quaere
336 3098 449 3156 novum
464 3103 580 3168 vatem,
599 3105 773 3158 tenerorum
790 3104 886 3156 mater
903 3096 1069 3192 Amorum.

233 3177 361 3238 Raditur
373 3178 423 3238 hic
441 3180 536 3254 elegis
550 3181 601 3240 ult
583 3187 655 3240 tima
671 3187 751 3242 meta
763 3181 854 3240 meis
931 3187 933 3194 ’

106 3263 107 3268 ’
192 3259 275 3333 Quos
293 3277 350 3338 ego
361 3264 535 3338 conposui,
557 3263 671 3339 Peligni
685 3264 764 3325 ruris
782 3261 939 3324 alumnus.

232 3344 294 3403 Nee
312 3359 360 3404 me
377 3346 505 3406 deliciae
522 3347 693 3408 dedecuere
707 3357 805 3408 meae.
881 3413 883 3416 ,
1004 3415 1008 3424 ,
1034 3350 1039 3358 ’

107 3457 149 3469 -—
163 3433 179 3484 5
192 3424 302 3500 Siquid
320 3427 352 3486 id
368 3435 431 3501 est,
453 3445 555 3503 usque
568 3446 587 3488 a
601 3433 727 3506 proavis
744 3438 832 3492 vetris
850 3429 967 3490 ordinis
982 3425 1090 3504 lieres,

105 3537 148 3551 -
233 3509 299 3570 Non
315 3511 410 3572 modo
426 3511 681 3575 militiaeturbine
697 3517 795 3576 laetus
812 3519 919 3590 eques.
