2498 4008
365 379 367 382 .
438 283 493 357 ΙΙΙ,
517 279 577 345 133
590 281 712 345 -908,

147 437 219 496 Cum
232 440 278 496 tot
291 435 459 512 prodierint
473 435 571 510 pretio
586 435 702 495 leviore
717 435 848 509 colores,

189 519 261 593 Quis
279 521 364 580 luror
378 526 425 579 est
444 535 556 580 census
572 533 702 594 torpore
717 520 796 579 ferre
812 528 908 580 suost

146 605 253 678 neris,
278 619 367 678 ecee,
387 606 486 676 color,
509 609 572 662 tum
587 618 654 661 eum
669 602 735 663 sine
749 602 881 664 nubibus
897 609 958 681 abr,

185 688 249 748 Nee
264 686 386 762 tepidus
402 687 522 762 pluvias
538 685 671 746 eoncitat
685 693 789 746 auster
804 703 914 760 aquas:

83 778 133 833 175
143 772 239 843 Eece,
260 770 314 832 tibi
328 771 451 844 similis,
473 785 552 844 quae
566 771 722 845 quondam
734 769 868 830 Phrixon
883 779 913 832 et
928 772 1035 833 Hellen

187 855 305 915 Die'eris
322 855 405 914 Inois
422 853 572 929 eripuisse
587 853 678 914 dolis.

145 939 202 997 Hie
215 939 316 999 undas
330 939 476 1011 imitatur,
498 937 590 997 habet
605 952 728 1013 quoque
741 953 852 1006 nomen
869 940 907 999 ab
922 940 1029 1000 undis:

190 1022 376 1082 Crediderim
390 1021 543 1099 nymphas
558 1020 616 1080 hae
631 1036 689 1096 ego
704 1029 791 1081 veste
805 1017 876 1096 tegi.

146 1105 200 1164 Ille
216 1121 339 1166 erocum
354 1106 483 1165 simulat.
506 1120 617 1170 eroeeo
632 1105 750 1164 velatur
765 1104 884 1178 amictu,

82 1197 134 1250 '80
186 1189 322 1248 Roseida
335 1188 480 1248 lueileros
496 1203 565 1246 eum
580 1187 639 1245 dea
653 1187 748 1260 iungit
763 1202 877 1262 equos=

144 1270 200 1328 Hie
214 1269 346 1344 Paphias
363 1275 494 1345 myrtos,
517 1267 567 1328 hie
583 1285 753 1344 purpureas
769 1271 968 1346 amethystos,

189 1353 378 1414 Albentesve
392 1369 497 1424 rosas,
517 1353 725 1412 Threiciamve
740 1369 854 1427 gruem.

145 1439 207 1503 Neo
222 1437 367 1511 glandes,
390 1437 552 1512 Amarylli,
575 1442 661 1510 tuae,
685 1451 742 1496 nee
761 1438 924 1513 amygdala
937 1439 1061 1500 desunt:

187 1521 224 1579 Et
240 1537 296 1580 sua
310 1521 475 1581 velleribus
492 1522 616 1582 nomina
631 1520 808 1580 oeradedit.

83 1613 132 1666 185
145 1604 224 1677 Quot
238 1618 320 1662 nova
334 1609 414 1662 terra
430 1605 508 1677 parit
522 1602 632 1677 fiores,
653 1620 721 1664 eum
736 1619 808 1663 vere
823 1609 938 1680 tepenti

187 1687 266 1746 Vitis
285 1686 346 1760 agit
359 1701 496 1759 gemmas
511 1687 661 1760 pigraque
676 1687 751 1761 fugit
764 1688 893 1764 hiemps,

144 1770 229 1830 Lana
242 1775 287 1830 tot
301 1776 352 1828 aut
365 1769 469 1843 plures
485 1784 578 1828 sucos
593 1767 677 1828 bibit.
701 1771 779 1844 elige
795 1781 911 1833 certost

187 1854 263 1912 Nam
277 1868 338 1912 non
354 1853 540 1912 conveniens
558 1851 699 1912 omnibus
716 1853 814 1912 omnis
832 1857 897 1915 erit.

144 1936 230 1997 Pulla
244 1936 354 1996 deeent
368 1936 489 1996 niveas=
512 1936 652 2002 Briseida
667 1936 750 2010 pulla
766 1936 929 1997 decebant:

82 2029 134 2083 190
187 2021 260 2080 Cum
275 2027 364 2095 rapta
379 2026 439 2093 est,
460 2020 543 2094 pulla
558 2027 620 2080 turn
635 2036 758 2094 quoque
774 2027 860 2080 veste
874 2022 939 2080 luit.

144 2103 225 2164 Alba
240 2104 350 2163 decent
364 2105 478 2164 fuscas.
504 2103 597 2178 albis,
618 2104 747 2180 Cephei,
769 2105 929 2180 placebam
965 2139 969 2147 -

189 2186 241 2247 Sia
256 2185 309 2246 tibi
324 2188 451 2248 vestitae
466 2203 577 2261 pressa
592 2187 739 2262 Seriphos
755 2195 828 2247 erat.
978 2255 982 2263 ⁸

146 2273 241 2346 Quam
257 2285 356 2346 paene
372 2270 531 2344 admonui,
552 2287 591 2330 ne
605 2278 674 2330 trux
691 2287 783 2346 caper
798 2271 854 2331 iret
872 2273 901 2330 in
917 2273 991 2342 alas,

187 2354 385 2414 Neve·iorent
401 2354 485 2415 duris
501 2369 613 2429 aspera
628 2370 716 2414 crura
731 2355 816 2430 pilis!

79 2446 131 2499 195
144 2437 207 2498 Sed
222 2453 284 2496 non
300 2437 455 2497 Caucasea
469 2437 568 2497 dooeo
584 2438 623 2496 de
638 2454 715 2514 rupe
731 2439 858 2513 puellas

187 2522 333 2595 Quaeque
348 2519 453 2582 bibant
468 2521 584 2592 undas,
606 2521 697 2599 Myse
713 2521 817 2594 Caice,
840 2531 921 2582 tuas.
1000 2515 1005 2522 ’

146 2604 239 2679 Quid,
263 2605 289 2663 si
303 2603 503 2680 praecipiam,
526 2621 565 2664 ne
581 2605 680 2664 iuseet
695 2605 803 2665 inertia
819 2606 936 2679 dentes

188 2686 311 2762 Oraque
327 2693 473 2762 suscepta
486 2704 576 2747 mane
590 2689 730 2747 laventur
743 2695 845 2762 aquat

146 2769 237 2830 Scitis
253 2775 282 2829 et
299 2770 423 2829 inducta
437 2771 601 2830 eandorem
619 2786 766 2846 quaerere
782 2777 874 2831 oreta.
962 2817 967 2825 .

79 2862 132 2916 200
186 2853 342 2927 Sanguine
358 2869 436 2927 quae
451 2861 525 2913 vero
541 2869 601 2914 non
617 2854 720 2926 rubet,
743 2861 808 2915 arte
822 2854 918 2915 rubet.

66 2970 68 2974 -
144 2938 218 2996 Arte
233 2936 386 3011 supercilii
403 2937 535 2997 eonfinia
548 2938 633 3018 nuda
647 2939 781 3013 repletis

187 3019 345 3095 Parvaque
360 3021 496 3080 sinceras
511 3023 592 3080 velat
607 3023 688 3082 aluta
702 3029 809 3096 genas.

144 3103 206 3163 Neo
221 3103 322 3178 pudor
336 3111 384 3164 est
398 3106 506 3165 oeulos
520 3105 602 3164 tenui
616 3106 738 3179 signare
753 3105 867 3177 favilla,

187 3187 245 3245 Vel
260 3203 357 3262 prope
370 3193 400 3247 te
416 3195 503 3262 nato,
526 3189 626 3249 lucide
642 3189 763 3264 Cydne,
784 3204 886 3249 erooo.

78 3280 130 3333 205
141 3270 197 3330 Est
210 3270 299 3343 mihi,
322 3287 382 3345 quo
399 3272 461 3330 dixi
477 3279 599 3332 vestrae
615 3271 816 3332 medicamina
831 3272 955 3341 lormae,

186 3353 318 3427 Parvus,
342 3355 398 3414 sed
414 3371 487 3414 eura
501 3356 631 3434 grande,
654 3354 899 3436 libellus‚opus.

143 3437 221 3497 Hinc
238 3453 362 3513 quoque
377 3437 564 3514 praesidium
578 3441 682 3499 laesae
697 3439 821 3513 petitote
836 3437 962 3511 figurae.

185 3521 252 3580 Non
269 3528 317 3581 est
331 3538 387 3597 pro
403 3524 515 3582 vestris
532 3539 581 3583 ars
596 3538 664 3582 mea
679 3521 771 3581 rebus
786 3522 879 3580 iners.
