2488 4006
132 295 217 360 ild·
521 288 768 354 HEROIDES.

214 450 255 508 ,at
270 460 331 508 uon
346 451 378 505 te
392 444 513 518 lugiens
529 443 596 503 sine
610 456 675 515 me,
698 456 855 518 germane,
876 441 996 518 reliqui.

256 529 364 590 Deficit
377 529 437 588 hoo
453 543 515 588 uno
529 527 628 586 littera
643 533 750 588 nostra
762 529 843 588 loeo.

152 627 203 680 115
215 614 301 688 Quod
319 615 421 674 faeere
435 627 513 672 ausa
526 625 596 670 mea
609 616 673 682 est,
696 625 757 668 uon
774 611 867 670 audet
886 609 1021 670 seribere
1037 610 1159 670 dextra.

258 697 309 757 Sia
325 712 400 771 ego,
422 695 480 755 sed
494 702 610 766 tecum,
633 693 830 754 dilaceranda
844 693 897 754 lui.

215 783 277 840 Neo
292 790 393 840 tamen
407 779 564 840 extimui...
580 776 655 851 quid
668 778 748 838 enim
765 784 837 852 post
850 776 902 836 illa
914 777 1104 838 timereml...

259 864 391 923 Credere
404 877 453 922 me
468 863 579 938 pelago
594 861 721 934 femina,
744 867 868 934 tanqua
882 875 1009 922 nocens.
1060 893 1063 898 ,

214 949 331 1008 Numen
345 945 398 1008 ubi
412 952 481 1005 esti
500 944 553 1006 ubi
567 944 620 1004 dir
640 944 764 1005 meritas
780 944 946 1006 subeamus
961 945 991 1004 in
1006 945 1077 1016 alta

152 1043 204 1096 120
255 1033 300 1092 Tu
315 1029 433 1092 fraudis
451 1044 586 1105 poenas,
611 1027 798 1088 credulitatis
813 1043 883 1102 ego,

216 1116 420 1190 compressos
435 1113 550 1174 utinam
566 1111 792 1189 Symplegades
808 1112 971 1184 elisisseut,

256 1199 429 1272 Nostraque
443 1197 646 1258 adhaererent
660 1196 785 1256 ossibus
801 1211 875 1256 ossa
889 1197 958 1270 tuis,

214 1286 275 1343 Aut
292 1295 349 1343 nos
365 1281 471 1358 Scylla
485 1297 584 1354 rapax
600 1279 727 1340 canibus
742 1281 878 1340 misisset
892 1281 1047 1342 edendos!

258 1365 367 1427 Debuit
381 1365 507 1439 ingratis
523 1363 629 1440 Scylla
643 1379 757 1424 nocere
771 1365 856 1425 viris.

152 1461 202 1514 125
217 1451 364 1525 Quaeque
377 1447 472 1508 vomit
485 1446 611 1507 totidem
626 1445 738 1508 fluetus
753 1449 942 1523 totidemque
956 1447 1105 1524 resorbet,

256 1533 320 1593 Nos
336 1547 461 1609 quoque
472 1531 646 1592 Trinacriae
661 1531 879 1606 subposuisset
893 1541 1006 1608 aquae!

217 1610 335 1691 Sospes
350 1616 389 1676 ad
405 1614 590 1676 Haemonias
606 1616 767 1689 victorque
782 1617 945 1676 reverteris
960 1617 1068 1683 urbes=

256 1700 381 1762 Ponitur
395 1700 434 1758 ad
450 1700 565 1774 patrios
580 1713 675 1758 aurea
690 1702 760 1760 lana
776 1700 863 1760 deos.

216 1784 294 1858 Quid
306 1785 439 1844 referam
453 1783 554 1842 Peliae
569 1791 656 1844 natas
671 1783 783 1858 pietate
799 1791 947 1852 nocentes

153 1878 204 1932 130
257 1869 417 1941 Caesaque
434 1867 569 1941 virginea
584 1867 720 1927 membra
735 1873 863 1942 paterna
877 1874 990 1928 manui

214 1953 254 2012 Ut
268 1953 392 2026 culpem
406 1951 471 2022 alii,
492 1950 545 2010 tibi
559 1967 608 2010 me
623 1951 750 2012 laudare
765 1966 895 2012 neeesse
909 1958 965 2024 est,

256 2035 315 2094 Pro
333 2051 393 2109 quo
410 2051 477 2096 sum
495 2036 605 2096 totiens
621 2051 693 2094 esse
709 2043 817 2096 ooaota
830 2051 957 2096 nooeus.

215 2120 320 2179 Ausus
334 2132 400 2179 es...
418 2126 452 2178 ot
476 2119 556 2180 iusto
573 2119 684 2179 desunt
698 2135 756 2178 sua
770 2119 864 2180 verba
879 2120 1010 2180 dolori...

255 2205 363 2264 Ausus
376 2218 411 2262 es
426 2203 587 2263 ‘Aesonia’
603 2203 706 2265 dicare
722 2203 811 2263 ‘cede
828 2203 948 2264 domot’

151 2296 201 2350 135
212 2287 302 2365 Iussa
316 2287 408 2346 domo
425 2286 521 2360 nessi,
545 2287 623 2347 natis
639 2287 781 2348 comitata
796 2287 917 2348 duobus

256 2369 308 2442 Et,
332 2371 383 2444 qui
398 2385 446 2428 me
461 2371 598 2444 sequitur
613 2386 751 2445 semper,
775 2385 879 2432 amore
893 2372 945 2432 tui.

214 2454 253 2513 Ui
268 2453 369 2513 subito
385 2459 507 2514 nostras
521 2455 642 2530 Hymen
659 2462 796 2516 cantatus
814 2456 851 2514 ad
868 2471 959 2516 aures

256 2538 362 2610 Venit,
384 2545 413 2597 et
427 2552 559 2598 ascenso
575 2539 735 2612 lampades
750 2541 821 2614 igne
835 2540 958 2612 micant,

214 2620 360 2694 Tibiaque
375 2619 503 2685 effundit
517 2623 644 2682 socialia
658 2624 793 2682 earmina
812 2623 910 2694 vobis,

152 2713 202 2768 140
255 2707 295 2763 At
308 2704 381 2765 mihi
396 2707 523 2765 funerea
536 2704 687 2766 flebiliora
702 2706 784 2777 iuba,
912 2756 917 2768 ,

214 2787 370 2860 Pertimui,
393 2804 450 2849 neo
465 2789 565 2850 adhue
583 2797 697 2850 mnium
713 2791 817 2852 soelus
832 2807 904 2852 esse
920 2790 1077 2866 putabam:

257 2871 321 2932 Sed
335 2880 435 2932 tamen
450 2874 481 2934 in
495 2881 558 2934 toto
574 2883 700 2949 peotore
715 2875 812 2950 frigus
828 2883 901 2934 erat.
983 2920 986 2926 .
1067 2877 1153 2953 [tant.

213 2955 314 3014 Turba
324 2963 421 3028 ruunt,
441 2964 472 3017 et
484 2958 629 3034 ‘Hymen'
642 2960 781 3031 clamant,
794 2959 997 3036 ‘Hymenaee’
1010 2959 1152 3034 frequen-

257 3038 322 3112 Quo
340 3039 466 3113 propior
480 3057 542 3102 vox
555 3043 648 3116 haee,
671 3043 730 3102 hoo
745 3043 817 3102 milri
833 3044 921 3118 peius
937 3051 1010 3102 arai.

150 3130 200 3183 145
212 3121 332 3182 Diversi
347 3121 462 3184 debant
477 3126 573 3199 servi,
596 3126 801 3201 lacrimasque
815 3127 967 3201 tegebant.

256 3205 329 3279 Quis
345 3206 436 3266 vellet
450 3209 523 3269 tanti
537 3209 660 3270 nuntius
676 3226 748 3272 esse
763 3211 856 3272 malit

213 3285 264 3350 Mo
279 3306 418 3364 quoque,
442 3292 591 3366 quidquid
608 3300 685 3366 erat,
711 3296 812 3368 potius
831 3295 950 3356 nesoire
965 3294 1102 3356 iuvabat:

257 3372 319 3432 Sed
334 3381 488 3449 tamquam
504 3377 627 3447 scirem,
652 3393 739 3438 mens
752 3395 822 3442 meu
835 3379 929 3439 tristis
944 3386 1017 3441 erat.

216 3453 288 3513 Cum
304 3458 403 3516 minor
413 3473 431 3518 e
442 3459 577 3532 pueris...
593 3460 681 3520 lusus
698 3462 862 3536 studioque
873 3461 1000 3522 videndi

152 3541 203 3592 luo
256 3536 394 3597 Constitit
408 3540 447 3598 ad
462 3540 601 3614 geminae
616 3542 719 3602 limina
735 3547 829 3617 mima
847 3546 953 3605 loris...
