2498 4008
517 211 717 320 stream.
1069 249 1134 315 ato

12 407 13 426 ³
129 428 180 483 715
191 414 343 490 Exiguum
357 418 431 484 est,
442 408 527 484 quod
540 408 651 468 deinde
666 423 783 468 canam.
805 407 862 466 sed
876 405 990 481 profuit
1004 403 1077 466 iliud

12 495 14 502 ⁴
234 497 384 571 Exiguum
400 493 513 552 multis.
536 493 567 552 in
583 491 693 566 quibus
709 491 777 566 ipse
793 490 845 552 fui.

195 583 316 654 Scripta
329 593 407 638 cave
421 578 541 650 relegas
555 575 825 638 biaudaeservata
839 573 975 649 puellae:

237 661 410 726 constantis
426 661 545 720 animos
560 658 674 734 scripta
687 661 802 720 refecta
816 665 950 718 movent.

196 747 302 808 Omnia
317 759 398 820 pone
413 743 511 817 feros,
532 743 672 816 quamvis
688 741 816 814 invitus,
838 741 869 802 in
884 741 981 816 ignee,

131 842 183 897 tto
234 831 272 890 Et
286 829 336 888 dic
350 827 483 888 ‘ardoris
497 825 537 886 sit
549 841 643 900 rogus
659 825 716 885 iste
729 827 810 884 mei?

194 913 333 974 Tbestias
349 911 507 971 absentem
521 909 679 970 succendit
694 909 795 984 stipite
809 915 927 968 natum:

237 999 283 1060 Tu
295 995 399 1056 timide
414 993 554 1055 flammae
569 991 687 1067 perfida
701 993 796 1052 verba
813 990 922 1052 dabis?

198 1079 230 1140 Si
244 1086 350 1155 potes,
373 1085 403 1138 et
418 1093 504 1138 ceras
521 1091 656 1137 remove.
680 1075 753 1150 quid
769 1075 900 1148 imagine
915 1079 996 1132 muta

189 1193 195 1206 .
239 1163 403 1236 carparis?
423 1161 482 1220 hoc
499 1159 587 1232 periit
599 1159 767 1218 Laodamia
781 1158 884 1217 modo.

134 1255 184 1308 725
196 1247 233 1305 Et
248 1247 318 1302 loca
332 1251 415 1300 muta
429 1249 548 1300 nocent.
573 1241 667 1314 fugito
683 1244 751 1300 ioca
766 1240 892 1299 conscia
907 1240 1000 1298 vestri

240 1323 437 1384 Concubitus.
459 1325 571 1384 causas
587 1323 639 1380 ilia
653 1324 769 1385 doloris
787 1322 909 1384 habent.

199 1409 267 1467 <iiie
283 1406 349 1476 fuit,
371 1405 421 1466 hic
436 1403 547 1464 cubuit.
570 1404 702 1465 thalamo
717 1403 916 1465 dormivimus
930 1405 997 1464 iiio:

212 1546 214 1549 .
241 1491 297 1550 Hic
312 1488 386 1548 mihi
401 1488 515 1548 lasciva
532 1487 645 1562 gaudia
658 1494 749 1548 nocte
762 1487 869 1546 dedit'

199 1573 366 1634 Admonitu
378 1571 538 1631 refricatur
552 1587 652 1643 amor,
675 1573 848 1645 vulnusque
862 1579 1005 1632 novatum

136 1667 188 1722 730
241 1656 402 1716 Scinditur.
425 1655 551 1714 infirmis
567 1671 660 1714 eausa
676 1655 787 1730 pusilla
801 1661 900 1714 nocet.

199 1742 238 1800 Ut
253 1753 351 1814 paene
366 1738 533 1798 extinctum
547 1739 678 1797 cinerem
695 1739 721 1798 si
737 1739 861 1813 sulpure
875 1744 991 1814 tangas,

241 1823 333 1882 Vivet
348 1828 378 1881 et
391 1837 409 1879 e
423 1821 545 1880 minimo
562 1821 711 1880 maximus
727 1823 806 1896 ignis
821 1821 885 1893 erit,

201 1905 268 1976 Sic,
287 1905 347 1963 nisi
361 1903 467 1964 vitaris
483 1903 806 1978 quidquidrenovabit
820 1918 963 1975 amorem,

242 1987 377 2047 Flamma
389 1987 600 2058 redardescet,
625 2003 703 2062 qnae
717 1987 810 2059 modo
825 1987 908 2047 nulia
923 1989 986 2046 fuit.

138 2080 188 2134 735
199 2071 363 2144 Argolides
379 2077 525 2145 cuperent
539 2071 656 2144 fugisse
671 2070 829 2146 Capherea
842 2086 974 2146 puppes,

243 2155 359 2228 Teque,
383 2154 495 2227 senex,
515 2157 614 2214 fuctus
632 2153 753 2228 ignibus
770 2156 832 2214 ulte
849 2160 929 2214 tuos.

202 2238 365 2296 Praeterita
380 2244 486 2297 cautus
501 2238 626 2298 Niseide
640 2238 742 2298 navita
756 2237 878 2312 gaudet.

242 2321 286 2379 Tu
301 2321 372 2380 ioca
388 2337 467 2395 quae
482 2320 606 2380 nimium
619 2329 706 2394 grata
720 2322 819 2393 fuere,
843 2336 928 2380 cave.

202 2405 285 2462 Haec
302 2403 355 2463 tibi
371 2403 431 2462 sint
444 2402 561 2480 Syrtes.
583 2405 661 2474 haee¹
674 2403 902 2465 Acroceraunia
919 2403 996 2463 vita:

140 2493 192 2548 740
244 2487 300 2546 Hic
314 2486 410 2546 vomit
424 2495 532 2562 epotas
547 2487 616 2546 dira'
629 2487 801 2565 Charybdis
818 2503 925 2560 aquas.
1039 2529 1042 2535 -

205 2569 281 2630 Sunt
296 2587 375 2644 quac
389 2585 452 2630 non
465 2577 601 2646 possunt
616 2571 717 2644 atiquo
735 2577 862 2644 cogente
877 2569 984 2644 iuberi,

247 2653 347 2728 Saepe
362 2662 463 2714 tamen
478 2669 554 2717 casu
568 2655 647 2715 facta
662 2654 768 2714 iuvare
777 2655 891 2724 solent.

150 2737 312 2798 -Perdat
326 2752 403 2811 opes
417 2737 571 2810 Phaedra,
593 2752 718 2812 parces,
737 2737 890 2811 Neptune,
914 2736 1030 2812 nepoti,

149 2852 192 2862 -
243 2820 306 2878 Nec
320 2820 410 2879 faciet
426 2820 556 2895 pavidos
573 2827 676 2880 taurus
691 2822 790 2880 avitus
806 2835 915 2895 equos.

141 2908 191 2963 745
203 2902 340 2962 Gnosida
354 2903 484 2962 fecisses
499 2904 636 2978 inopem,
660 2904 813 2980 sapienter
826 2902 968 2967 amasset

247 2985 367 3048 Divitiis
383 2987 473 3047 alitur
487 2987 662 3048 luxuriosus
677 3003 771 3048 amor.
848 3044 850 3050 ,
911 3043 913 3053 .

207 3068 265 3127 Cur
278 3083 368 3128 nemo
383 3075 445 3142 est,
461 3069 612 3142 Hecaten,
632 3071 715 3130 nulia
728 3079 789 3144 est,
810 3071 890 3145 quae
905 3071 1021 3147 ceperit
1033 3071 1125 3130 troni

246 3151 362 3226 Nempe
376 3152 459 3225 quod
474 3153 550 3212 aiter
565 3168 674 3228 egens,
697 3156 792 3214 altera
805 3170 924 3229 pauper
937 3160 1011 3215 erat.

204 3232 272 3294 Non
288 3233 395 3308 habet,
417 3235 500 3296 unde
515 3251 603 3297 suum
619 3245 784 3313 paupertas
800 3244 909 3311 pascat
922 3253 1067 3298 amorem.

143 3321 194 3378 750
245 3317 313 3380 Non
329 3324 430 3378 tamen
444 3318 503 3378 hoc
517 3320 590 3380 tanti
605 3326 667 3394 est,
685 3335 804 3395 pauper
817 3327 850 3380 ut
864 3335 936 3382 csse
950 3320 1039 3380 veiis.

201 3399 247 3460 m
260 3399 335 3461 tanti
351 3402 405 3461 tibi
420 3402 474 3476 sit,
496 3418 558 3464 non
572 3403 731 3478 indulgere
744 3402 878 3476 theatris,

246 3483 325 3547 Dum
339 3484 418 3545 bene
432 3486 471 3546 de
484 3502 582 3548 vacuo
596 3493 722 3562 pectore
737 3486 826 3548 eadat
843 3502 938 3548 amor.
