2498 4008
446 235 487 308 11,
512 231 707 299 las-2032
865 217 867 220 ’
1028 231 1090 296 193

195 387 267 446 Cum
284 386 357 445 dare
371 401 432 446 non
451 401 575 460 possem
592 402 733 458 munera,
753 384 848 444 verba
863 385 984 444 dabam.

151 471 269 544 Pauper
284 477 364 528 amet
379 476 476 528 caute.
498 470 602 529 timeat
617 468 800 528 maledicere
815 483 949 543 pauper:

182 553 347 626 Multaque
363 552 507 612 divitibus
523 568 584 611 non
600 552 743 626 patienda
758 551 843 611 ferat.

150 635 198 694 Me
214 637 335 694 memini
349 636 458 695 iratum
473 635 615 696 dominae
632 634 771 694 turbasse
789 635 933 708 capillos:

89 727 139 781 170
191 719 274 777 Haec
289 719 360 777 milri
376 708 590 794 quammultos
607 718 729 778 abstulit
744 719 788 776 ira
803 718 884 776 dies!

150 803 212 860 Nec
226 806 314 875 puto,
337 817 393 863 nee
409 801 493 864 sensi
507 802 638 862 tunicam
655 801 798 860 laniasse.
821 801 877 860 sed
891 801 961 876 ipsa

193 885 330 958 Dixerat,
350 893 379 944 et
394 886 491 960 pretio
507 894 554 946 est
568 886 619 946 illa
632 885 791 960 redempta
805 900 884 943 meo.

150 969 280 1044 Alvos,
303 968 329 1027 si
345 970 466 1042 sapitis,
489 969 583 1040 vestri
601 976 726 1042 peccata
744 967 880 1041 magistri
901 993 911 999 -

192 1051 337 1124 Effugia,
360 1059 389 1110 et
404 1051 513 1125 culpae
528 1053 637 1111 damna
652 1051 753 1110 timete
768 1066 863 1109 meae.

86 1141 136 1196 175
148 1133 266 1193 Proelia
283 1148 350 1194 cum
365 1134 498 1205 Parthie,
521 1150 589 1194 cum
605 1135 685 1192 culta
700 1149 762 1206 pax
778 1134 816 1191 sit
832 1133 938 1206 amica,

191 1217 228 1274 Et
243 1215 343 1287 iocuS,
368 1225 397 1276 et
414 1231 525 1275 causas
541 1215 687 1289 quicquid
703 1217 815 1284 amoris
830 1215 931 1274 habet.

150 1298 182 1358 Si
197 1314 253 1357 nec
270 1298 383 1358 blanda
401 1299 489 1372 satis,
512 1299 571 1358 nec'
584 1297 709 1376 erit-tibi
724 1299 820 1358 comis
835 1295 967 1370 amanti,

191 1381 295 1440 Perfer
309 1389 339 1441 et
356 1381 482 1442 obdura.
503 1382 667 1457 postmodo
682 1382 761 1441 mitis
776 1382 842 1441 erit.

146 1465 289 1525 Flectitur
305 1465 456 1540 obsequio
473 1473 617 1527 curvatus
633 1466 671 1526 ab
687 1465 797 1524 arbore
811 1480 929 1526 ramus:
1022 1526 1027 1535 Ι

20 1619 22 1626 ¹
83 1557 136 1610 180
188 1547 330 1622 FrangiS,
352 1549 377 1607 si
393 1549 474 1607 vires
490 1549 648 1622 experiere
662 1556 740 1608 tuas.

149 1630 304 1704 Obsequio
318 1638 475 1690 tranantur
489 1647 596 1704 aquae.
620 1648 676 1692 nec
689 1633 812 1692 vincere
826 1632 930 1706 possis
947 1707 950 1714 ἢ

189 1713 339 1790 Flumina,
364 1714 390 1772 si
407 1721 526 1788 contra,
551 1729 641 1787 quam
654 1715 734 1788 rapit
747 1714 845 1790 unda,
868 1722 963 1776 nates.

149 1796 336 1872 Obsequium
350 1797 498 1872 tigrisque
513 1798 617 1860 domat
631 1797 841 1872 Numidasque
852 1799 969 1860 leones.

179 1871 315 1940 'Rustica
329 1881 473 1955 paulatim
485 1887 589 1940 taurus
605 1885 706 1940 aratra
720 1879 810 1944 subit.

82 1972 135 2026 185
148 1963 225 2037 Quid
240 1963 294 2022 fuit
308 1965 449 2038 asperius
463 1963 635 2025 Nonacrina
647 1965 811 2024 Atalantes

190 2045 357 2108 subcubuit
371 2047 485 2108 meritis
499 2055 569 2108 trux
583 2055 683 2107 tamen
698 2047 750 2106 illa
764 2047 831 2108 viri.

149 2129 250 2204 Saepe
267 2145 340 2190 suos
360 2147 451 2192 casus
467 2147 523 2191 nec
538 2131 621 2200 mitia
636 2131 716 2191 lacta
730 2131 851 2206 puellae

188 2213 294 2272 Flesse
310 2214 367 2274 sub
382 2214 545 2274 arboribus
560 2214 725 2274 Milaniona
738 2215 847 2274 lerunt.

147 2295 248 2370 Saepe
264 2298 330 2356 tulit
342 2298 428 2358 iusso
444 2297 564 2356 lallacia
577 2299 654 2357 retia
669 2298 757 2370 collo,

80 2389 135 2442 190
189 2372 290 2455 Saepe
305 2379 369 2440 iera
384 2387 490 2440 torvos
506 2381 634 2456 cuspide
649 2381 715 2441 lixit
729 2396 839 2455 apros:

147 2462 251 2523 Sensit
265 2471 295 2522 et
307 2464 416 2541 Hylaei
430 2471 604 2525 contentum
619 2465 740 2543 saucius
757 2479 874 2524 arcum:

190 2545 253 2606 Sed
266 2553 366 2607 tamen
380 2547 439 2607 hoc
455 2564 528 2608 areu
542 2549 642 2608 notior
658 2548 733 2607 alter
747 2554 821 2608 erat.

66 2696 75 2713 ‚
145 2629 211 2688 Non
224 2636 256 2688 te
271 2629 437 2690 Maenalias
453 2640 600 2691 armatum
615 2631 764 2692 scandere
778 2630 884 2701 silvas,

188 2713 251 2772 Nec
265 2712 355 2774 iubeo
374 2715 452 2774 collo
467 2717 543 2776 retia
557 2717 636 2774 serre
651 2721 718 2776 tuo:
805 2765 808 2770 .

78 2803 133 2858 195
144 2795 272 2856 Pectora
288 2813 345 2856 nec
363 2798 464 2857 missis
480 2799 569 2859 iubeo
585 2798 733 2874 praebere
749 2797 875 2872 sagittis.

187 2881 271 2940 Artis
287 2887 374 2940 erunt
389 2877 477 2942 cauto
492 2882 594 2942 mollia
609 2883 694 2942 iussa
707 2896 803 2942 meae.

146 2961 227 3022 Cede
240 2965 431 3038 repugnanti.
454 2966 593 3026 cedendo
609 2965 707 3026 vietor
722 2963 834 3024 abibis=

186 3045 247 3104 Fac
261 3048 370 3123 modo,
395 3065 472 3124 quas
487 3050 582 3124 partis
597 3050 649 3109 illa
664 3047 792 3122 iubebit,
814 3062 900 3122 agas.

144 3129 273 3203 Arguat,
288 3132 426 3206 arguite.
451 3133 597 3207 quicquid
611 3129 719 3208 probat
733 3133 800 3204 illa,
823 3131 953 3207 probato

70 3221 132 3274 200
186 3213 273 3287 Quod
288 3214 382 3290 dicet,
405 3214 501 3276 dieas.
524 3216 609 3292 quod
623 3223 714 3291 negat
727 3217 793 3289 illa,
814 3229 919 3289 neges.

143 3295 269 3371 Riserit,
293 3299 408 3366 adride.
431 3299 571 3375 siilebit,
594 3299 669 3360 flere
684 3304 844 3362 memento.

184 3381 325 3455 Imponat
338 3384 423 3458 leges
438 3383 570 3444 vultibus
584 3385 636 3446 illa
649 3383 719 3444 tuis.

144 3462 206 3524 Seu
220 3465 318 3539 ludet,
341 3481 546 3543 numerosque
564 3483 655 3528 manu
671 3465 794 3527 iactabit
808 3465 952 3539 eburnos,

98 3548 229 3606 euml.
691 3544 699 3556 '
882 3559 915 3612 13
