2498 4008
116 257 182 320 240
342 345 352 360 ο
499 257 667 319 Reman.
690 259 763 318 All.

203 409 307 472 Fortia
318 409 464 476 Maeonio,
476 410 610 484 gaudent
624 409 704 485 pede
719 410 799 468 bella
812 409 930 478 referri.

246 494 368 556 Deliciis
384 493 444 554 illic
460 493 528 569 quis
546 495 633 553 locus
649 507 721 552 esse
736 499 859 566 potesta

135 579 325 644 alebrando
340 582 450 638 sonant
463 575 578 650 tragici.
601 573 734 650 tragicos
750 576 839 636 decet
852 574 897 636 ira
913 577 1086 641 cothurnos.

246 660 361 723 Usibus
376 676 394 720 a
407 659 516 719 mediis
533 674 643 719 soccus
658 658 819 719 habendus
834 661 899 718 erit.

203 745 294 804 Liber
309 743 339 804 in
355 744 505 804 adversos
521 741 627 804 hostes
643 742 806 816 stringatur
820 741 948 817 iambus,

246 827 308 888 Seu
323 827 418 899 celer,
440 833 607 886 extremum
622 840 678 885 seu
693 824 791 884 trahat
805 825 860 884 illa
869 825 990 902 pedem.

202 911 321 971 Blanda
334 909 525 984 pharetratos
540 909 656 984 elegeia
670 917 770 969 cantet
783 911 922 982 Amores,
1100 907 1107 916 ‘

133 1002 191 1056 380
242 993 280 1052 El
293 992 372 1052 levis
387 991 508 1052 arbitrio
525 991 609 1052 ludat
623 991 720 1051 amica
734 1007 802 1052 suo.
966 1039 972 1049 .

203 1075 377 1135 Callimachi
392 1076 525 1135 numeris
539 1091 602 1136 non
617 1081 664 1134 est
678 1075 826 1137 dicendus
842 1074 988 1134 Achilles.

244 1158 386 1235 Cydippe
400 1174 459 1219 non
476 1159 615 1232 esteris,
634 1159 781 1231 Homero,
801 1158 855 1218 lui.

203 1239 276 1314 Quis
294 1241 369 1301 ieret
382 1241 614 1301 Andromaches
633 1249 827 1316 peragentem
842 1241 958 1300 Thaida
976 1247 1095 1314 partes?
1212 1215 1214 1319 J

243 1323 368 1396 Peccat,
390 1323 421 1382 in
435 1323 651 1382 Andromache
665 1323 780 1383 Thaida
797 1321 937 1398 quisquis
948 1330 1034 1396 agat.

135 1415 189 1470 ³85
200 1405 291 1466 Thais
306 1408 337 1465 in
352 1413 417 1466 arte
431 1421 508 1466 mea.
531 1406 658 1466 lascinia
671 1405 766 1466 libera
781 1415 885 1466 nostra
899 1413 955 1466 est.
1212 1459 1213 1469 ,

244 1489 291 1548 Nil
306 1489 378 1548 mihi
394 1506 463 1550 otun
476 1489 565 1550 vitta:
588 1489 678 1548 Thais
693 1490 723 1548 in
739 1497 803 1550 arte
816 1505 885 1550 ntea
899 1495 954 1549 est.
1211 1496 1213 1531 ¹

203 1572 235 1633 st
250 1587 318 1632 mea
332 1573 476 1633 materiae
490 1573 658 1647 respondet
670 1571 760 1634 Musa
774 1573 908 1646 iocosae,
1212 1536 1214 1667 ῐ

244 1655 396 1730 Vicimus,
417 1663 447 1715 el
461 1656 529 1716 lalsi
545 1653 677 1738 oriminis
692 1662 759 1716 acta
773 1671 826 1714 rea
842 1662 899 1714 est.
1212 1670 1215 1721 l

201 1739 368 1813 Rumpere,
391 1739 484 1799 Livor
499 1739 588 1800 edax.
618 1755 759 1813 magnum
775 1739 835 1798 iam
849 1753 957 1798 nomen
972 1738 1141 1798 habemus-

134 1830 191 1884 390
242 1821 341 1881 Maius
356 1822 425 1896 erit,
446 1829 560 1883 lantum
576 1839 637 1896 quo
653 1822 732 1897 pade
748 1822 863 1896 coepit,
887 1829 944 1882 eat.

203 1904 265 1964 Sed
281 1905 402 1964 nimium
418 1921 576 1981 properas.
601 1906 700 1966 vivom
714 1905 823 1978 modo,
846 1906 933 1979 plura
947 1904 1081 1965 dolebis:
1219 1849 1221 1984 1

243 1987 280 2046 m
294 1988 417 2062 capiunt
429 1989 520 2048 aniani
536 1989 669 2048 carmina
682 1990 775 2048 multa
785 1989 857 2046 mei.

201 2071 275 2130 Nam
293 2071 390 2143 iuvat,
413 2077 443 2130 et
457 2072 591 2132 studium
606 2073 703 2132 lamae
718 2070 791 2132 milri
806 2070 901 2132 crevit
915 2071 1041 2130 bonore.

242 2153 393 2229 Principio
410 2155 479 2214 clivi
494 2163 598 2215 noster
611 2154 731 2215 anhelat
746 2169 853 2229 equus.

131 2244 188 2298 395
200 2237 324 2296 Tantum
340 2252 374 2296 se
389 2238 478 2298 nobis
497 2236 574 2312 elegi
591 2237 703 2300 debere
717 2239 855 2308 latentur,

244 2319 392 2392 Quantum
408 2320 543 2396 Vergilio
561 2321 663 2381 nobile
681 2321 772 2381 debet
787 2335 874 2395 epos.

200 2401 355 2464 Hactenus
370 2403 501 2463 invidiae
515 2405 740 2479 respondimus.
763 2402 859 2464 atbah
904 2415 957 2464 ora

241 2485 375 2558 Fortius,
397 2493 428 2546 et
441 2502 519 2562 gyro
535 2503 636 2560 curre,
659 2495 764 2562 pocta,
786 2495 848 2547 tuo.
954 2506 959 2514 ·

200 2567 279 2642 Ergo
296 2569 347 2629 ubi
363 2569 542 2656 concubitus
556 2577 587 2630 et
600 2585 680 2645 opus
696 2571 837 2634 iuvenale
852 2574 979 2644 petetur,

129 2659 188 2714 eoo
239 2651 276 2712 Et
290 2667 389 2728 prope
403 2654 574 2728 promissae
588 2661 726 2729 tempora
739 2654 837 2714 noctis
853 2659 948 2723 erunt,

202 2734 319 2796 Gaudia
334 2736 544 2811 nodaminae,
567 2738 658 2812 pleno
676 2737 702 2796 si
718 2745 841 2812 pectore
856 2750 968 2805 sumes,

133 2855 136 2860 ·
241 2819 282 2878 Te
297 2819 434 2894 capiant,
453 2821 540 2880 ineas
556 2821 720 2895 quamlibet
734 2827 817 2892 ante,
840 2817 941 2878 uelim

200 2899 367 2973 Quamlibet
381 2903 534 2977 invenias,
556 2904 588 2964 iu
602 2919 663 2978 qna
676 2910 728 2964 lua
742 2904 840 2978 prima
853 2903 994 2976 voluptas

241 2983 377 3044 Desinat.
398 3000 419 3043 a
432 2987 529 3060 prima
543 2988 682 3060 proxima
696 2987 800 3061 segnis
814 2983 879 3046 orit.

131 3073 186 3130 405
199 3063 373 3126 Sustentata
386 3065 485 3129 venus
501 3069 681 3143 gratissima.
703 3070 816 3145 frigore
830 3070 925 3142 soles,
949 3076 970 3099 ⁸

242 3148 313 3210 Sole
329 3149 433 3211 iuvant
444 3151 587 3227 umbrae,
609 3162 695 3228 grata
707 3153 741 3214 iit
753 3151 838 3214 unda
852 3153 910 3214 siti.

197 3231 234 3292 Et
250 3233 357 3308 pudet,
379 3241 408 3294 el
422 3233 531 3296 dicam.
553 3251 695 3299 venerem
710 3251 834 3312 quoque
849 3236 941 3308 iunge
955 3232 1061 3304 figura,

241 3315 306 3388 Qua
324 3316 445 3377 minime
458 3317 541 3395 iungi
558 3335 709 3395 quamque
725 3322 835 3380 decere
849 3325 949 3394 putas.

197 3395 260 3452 llec
274 3397 360 3456 labor
373 3400 496 3460 elllcere
511 3408 568 3462 esl.
589 3419 677 3462 rarae
694 3403 752 3463 sibi
766 3419 841 3462 vera
854 3401 993 3474 latentur,

132 3479 187 3532 410
238 3476 276 3534 Et
290 3479 362 3538 nibil
377 3489 438 3554 est,
459 3485 544 3557 quod
558 3497 593 3546 se
608 3485 791 3547 dedecuisse
807 3490 922 3562 putant.
