2472 4010
121 281 168 344 12
530 277 733 338 AMORUM

163 441 199 493 50
250 431 290 492 Ut
305 431 387 488 celer
400 429 544 489 admissis
560 429 671 489 labitur
685 429 783 488 amnis
802 429 903 503 aquis.

205 515 289 573 Aera
302 513 397 572 nitent
410 529 478 574 usu.
504 515 599 572 vestis
615 514 698 573 bona
713 512 832 589 quaerit
845 511 961 573 haberi.

249 598 419 657 canescunt
433 597 514 670 turpi
527 604 606 656 tecta
619 596 724 655 relicta
739 596 809 656 situ.

204 681 328 754 Forma,
352 680 411 740 nisi
426 681 581 754 admittas,
604 681 686 739 nullo
703 674 866 740 exercente
882 682 1025 742 senescit

246 764 309 822 Nec
325 763 401 823 satis
416 763 544 824 effeetus
559 779 638 822 unus
654 770 684 821 et
697 765 773 822 alter
787 763 909 824 habent.

161 857 195 910 55
208 848 324 907 Certior
339 861 356 906 e
370 844 488 918 multis,
512 862 568 906 nec
580 847 639 904 iam
653 846 808 906 invidiosa
822 848 929 923 rapina
944 854 1001 908 est

244 930 338 988 Plena
351 930 434 988 venit
448 931 534 989 canis
550 930 589 990 de
603 945 696 1004 grege
713 931 829 1004 praeda
842 932 933 1005 lupis.
1047 946 1049 952 ·

204 1014 300 1086 Ecce,
325 1013 400 1086 qnid
414 1013 473 1072 iste
487 1021 557 1073 tuus
573 1020 695 1088 practer
710 1029 791 1073 nova
806 1015 941 1074 carmina
956 1021 1042 1075 vates

246 1097 367 1156 Donate
395 1097 550 1158 Amatoris
565 1096 647 1156 milia
661 1099 753 1156 multa
768 1098 864 1172 leges

88 1228 93 1240 ,
204 1181 276 1254 lpse
291 1181 368 1239 deus
383 1185 486 1239 vatum
504 1181 585 1255 palla
600 1179 776 1255 spectabilis
795 1197 888 1242 aurea

162 1273 198 1326 60
248 1263 367 1322 Tractat
383 1265 538 1323 inauratae
555 1260 693 1324 consona
709 1263 761 1324 fila
774 1265 872 1341 lyrae.

207 1347 262 1420 Qui
277 1347 375 1420 dabit,
397 1348 447 1406 ille
458 1349 511 1407 tibi
526 1363 637 1422 magno
655 1347 695 1408 sit
708 1348 805 1408 maior
820 1349 963 1408 Homero.

249 1431 345 1490 Crede
359 1431 445 1504 mihi,
467 1447 519 1492 res
534 1438 582 1490 est
595 1432 755 1504 ingeniosa
770 1433 853 1492 dare.

205 1515 267 1574 Nec
281 1520 329 1587 tu,
351 1515 449 1589 siquis
464 1516 521 1575 erit
536 1515 644 1589 capitis
659 1516 803 1574 marcado
816 1516 1009 1590 redemptus,

245 1598 389 1671 Despice.
418 1599 542 1674 gypsati
558 1599 670 1656 crimen
687 1598 776 1663 inane
793 1600 892 1674 pedis

163 1690 196 1744 65
208 1682 270 1740 Nec
284 1688 314 1740 te
329 1681 482 1757 decipiant
497 1688 616 1742 veteres
636 1682 829 1758 quinquatria
847 1697 945 1748 cerae.
1073 1680 1078 1689 '
1099 1707 1154 1728 -·

246 1765 329 1824 Tolle
343 1773 414 1826 tuos
429 1771 545 1838 lecum,
567 1781 686 1840 pauper
700 1775 830 1841 amator,
854 1773 947 1829 avos!

206 1848 262 1921 Qui
275 1849 354 1922 ‚qnia
369 1847 495 1924 pulcher
510 1849 580 1923 erit,
604 1857 714 1924 poscet
728 1852 795 1910 sine
810 1867 935 1910 munere
951 1857 1086 1923 noctem,

179 1952 189 1957 ·
249 1931 336 2004 Quod
350 1933 414 2005 det,
431 1940 597 1992 amatorem
611 1932 728 2007 flagitet
741 1941 812 1993 ante
829 1950 926 1994 suum.
1003 1935 1011 1942 ”

205 2014 329 2074 Parcius
344 2016 457 2091 exigito
472 2016 616 2091 pretinm,
640 2017 711 2076 dum
726 2019 802 2078 retia
815 2017 932 2091 tendis,
956 2025 957 2032 ’

91 2108 94 2114 “
164 2107 200 2162 70
250 2099 296 2158 Ne
311 2099 435 2173 fugiant.
465 2107 573 2174 captos
587 2100 708 2175 legibus
723 2118 777 2161 ure
792 2102 863 2162 tuis.

203 2183 266 2242 Nec
280 2183 383 2243 nocuit
397 2184 556 2243 simulatus
572 2201 666 2244 amor.
696 2185 777 2257 sine,
795 2184 901 2244 credat
916 2183 1024 2242 amari:

244 2266 290 2325 At·
300 2281 391 2348 cave,
411 2283 450 2327 ne
465 2267 558 2342 gratis
570 2267 619 2326 hic
634 2268 687 2327 tibi
702 2275 821 2327 constet
836 2283 930 2326 amor.

207 2348 308 2423 Saepe
322 2366 402 2424 nega
416 2358 534 2412 noctes.
565 2351 673 2424 capitis
690 2352 783 2410 modo
800 2351 881 2424 finge
898 2351 1063 2422 dolorem,-

246 2432 284 2491 Et
297 2433 389 2493 modo
406 2451 485 2510 quae
500 2449 610 2494 causas
627 2434 785 2508 praebeat,
808 2434 867 2494 lsis
883 2435 948 2492 erit

162 2525 196 2578 75
207 2515 280 2574 Mox
295 2517 413 2591 recipe,
435 2524 468 2578 ut
481 2519 596 2577 nullum
612 2517 744 2592 patiendi
761 2518 885 2592 colligat
900 2534 1003 2591 usum,

245 2600 328 2659 Neve
347 2603 529 2662 relentescat
543 2617 637 2676 saepe
651 2604 794 2676 repulsus
810 2617 904 2662 amor.

205 2681 306 2743 Surda
321 2685 360 2744 sit
374 2686 471 2746 oranti
486 2691 536 2744 tua
553 2685 658 2757 ianua,
679 2687 751 2744 laxa
766 2685 884 2744 terenti.

194 2781 198 2794 ’
244 2767 360 2827 Audiat
375 2769 493 2828 exclusi
508 2767 603 2828 verba
618 2776 762 2843 receptus
778 2783 895 2828 amans.

163 2899 166 2906 ,
201 2849 253 2922 Et,
278 2851 366 2926 quasi
381 2853 467 2912 laesa
482 2852 580 2927 prior,
599 2867 827 2926 nonnumquam
842 2850 978 2910 irascere
994 2851 1095 2910 laesos

160 2942 197 2995 80
248 2934 404 2994 Vanescet
419 2937 510 3010 culpa
524 2937 614 3009 culpa
628 2951 761 3008 repensa
776 2942 837 2994 tua.

145 3022 152 3034 “
205 3016 268 3076 Sed
283 3033 446 3092 numquam
463 3019 585 3078 dederis
601 3020 772 3092 spatiosum
787 3025 907 3093 tempus
922 3020 953 3077 in
968 3015 1053 3076 iram.

248 3099 350 3174 Saepe
368 3102 536 3162 simultates
551 3102 730 3162 immorata
744 3104 825 3160 lacit.

205 3183 280 3258 Quin
297 3185 387 3243 etiam
401 3185 522 3245 discant
537 3186 616 3245 oculi
632 3186 790 3248 lacrimare
806 3185 919 3257 coacti,

122 3264 128 3278 “
246 3266 285 3325 Et
300 3267 413 3328 saciant
426 3270 504 3328 udas
520 3268 570 3328 ille
584 3271 634 3328 vel
649 3270 699 3328 ille
714 3284 820 3342 genas.

162 3350 286 3423 85'Nec,
310 3351 430 3425 siquem
452 3351 555 3424 falles,
577 3355 610 3410 tn
624 3352 781 3425 periurare
796 3351 915 3410 timeto=

247 3432 426 3493 Commodat
441 3435 471 3490 in
487 3436 574 3492 lusus
591 3434 713 3492 numina
727 3435 821 3493 surda
831 3435 949 3493 Venus.

209 3515 323 3575 Servus
339 3516 425 3576 etad
440 3524 544 3590 partes
558 3517 670 3575 sollers
687 3517 795 3575 ancilla
811 3521 968 3591 parentur,
