2488 4006
88 201 293 262 XIILLAOD.
303 201 479 266 lat—166.
499 203 591 296 llllll.
601 203 915 266 HYPERMNESTRA
928 203 1041 268 1-33.
1054 203 1115 271 123

9 339 11 390 l
114 363 165 416 165
177 353 286 414 Ultima
301 355 618 438 mandato-claudetur
632 357 763 430 epistula
779 373 889 438 pcuvm¹

220 435 265 498 Sit
278 437 332 497 tibi
346 455 420 498 cura
435 441 510 514 mei,
532 439 570 499 sit
584 435 636 534 tibi
653 455 726 500 cura
740 439 799 501 tuit

503 575 704 586 --—--·-··--·—-

553 655 648 718 Xllll.

177 739 270 834 Mittit
282 771 525 848 Hypernmestra
540 774 580 834 de
593 745 639 835 tot
651 775 748 836 modo
761 739 903 834 tratribus
920 772 981 832 uni.

220 856 326 916 Cetera
341 864 501 931 nuptarum
516 859 642 918 crimine
655 860 745 918 turba
759 858 847 916 iacet.

176 938 287 1000 Clausa
302 940 395 999 domo
409 947 517 999 teneor
530 942 738 1016 gravibusque
754 938 888 1002 coercita
905 940 1028 1000 vinclis=

217 1021 273 1082 Est
285 1023 358 1081 mihi
374 1024 516 1098 supplicii
532 1041 641 1096 causa,
664 1025 761 1084 luisse
777 1025 869 1098 pianr.

147 1105 265 1179 59u0d
280 1121 389 1165 manus
405 1108 542 1166 extimuit
557 1109 660 1182 iugulo
677 1107 835 1168 demittere
850 1107 971 1180 lacrum,

218 1188 292 1250 Sum
306 1205 369 1247 rea.
391 1190 547 1264 laudarer,
571 1192 598 1250 si
613 1191 715 1250 scelus
731 1206 808 1250 ausa
825 1190 932 1248 lorern.

175 1273 253 1333 Esse
267 1287 351 1332 ream
366 1280 516 1348 praestat,
539 1290 632 1348 quam
649 1275 694 1334 sic
708 1273 866 1349 placuisse
881 1273 1010 1346 parenti.

216 1357 284 1416 Non
300 1357 383 1431 piget
396 1357 537 1418 inmunes
553 1358 658 1418 caedis
671 1357 787 1416 habere
800 1371 918 1416 manus.

173 1439 224 1500 Me
239 1448 326 1516 pater
339 1441 409 1516 igne
426 1441 511 1515 licet,
535 1459 624 1516 quem
640 1458 702 1502 non
718 1441 916 1512 violavimus,
937 1448 1013 1511 urat,

134 1533 167 1583 10
221 1525 366 1599 Quaeque
381 1525 508 1585 aderant
524 1525 638 1604 sacris,
662 1525 768 1585 tendat
781 1525 812 1583 in
828 1539 882 1582 ora
898 1523 997 1584 laces:

174 1609 236 1667 Aut
250 1609 302 1667 illo
318 1608 447 1682 iugulat,
471 1625 561 1682 quem
577 1625 638 1668 non
653 1609 733 1668 bene
748 1608 873 1668 tradidit
888 1622 1002 1678 ensem,

217 1691 256 1751 Ut
271 1707 332 1764 qua
346 1708 407 1751 non
424 1692 534 1751 cecidit
548 1693 594 1751 vir
608 1707 699 1764 nece,
723 1699 819 1767 nupta
837 1689 962 1750 cadam:
991 1707 996 1713 ·

174 1773 240 1833 Non
254 1779 370 1846 mmen,
395 1783 426 1834 ut
440 1775 543 1836 dicant
555 1776 715 1836 morientia
730 1775 889 1850 ‘paenitet’
907 1789 970 1847 ora,

216 1857 345 1917 Efficiet.
369 1853 506 1932 nonest,
529 1877 619 1934 quarn
635 1860 720 1934 piget
734 1875 806 1920 esse
821 1859 913 1933 piam.

132 1949 166 2002 15
176 1939 333 2000 Paeniteat
347 1943 473 2002 sceleris
488 1945 626 2004 Danaum
641 1958 817 2017 saevasque
833 1957 968 2001 sorores.

216 2025 272 2083 liic
289 2025 368 2084 solet
382 2028 510 2086 eventus
525 2029 606 2086 lacta
621 2027 754 2086 nefanda
769 2025 868 2100 sequi.

175 2106 233 2168 Gor
248 2115 341 2183 pavet
355 2108 511 2168 admonitu
528 2116 693 2170 temeratae
711 2110 860 2184 sanguine
876 2108 986 2182 noctis,

217 2191 254 2250 Et
269 2190 387 2252 subitus
404 2190 530 2250 dextrae
546 2194 706 2268 praepedit
721 2209 793 2254 orsa
806 2200 930 2255 tremor.

176 2275 271 2349 Quam
286 2283 323 2334 tu
332 2274 429 2334 caede
445 2281 534 2348 putes
551 2277 636 2350 iungi
652 2275 792 2350 potuisse
807 2277 915 2347 mariti,

131 2368 168 2420 20
222 2358 362 2419 Scribere
378 2359 417 2417 de
432 2359 511 2418 lacta
527 2376 589 2419 non
605 2359 663 2419 sibi
681 2361 777 2420 caede
793 2359 895 2418 timet·

174 2442 237 2502 Sed
251 2451 351 2502 tamen
368 2443 518 2517 experiar.
551 2443 644 2502 lllodo
660 2446 740 2504 lacta
755 2441 938 2516 crepuscula
952 2441 1049 2512 terris,

215 2526 327 2586 Ultima
342 2543 414 2600 pars
429 2527 521 2598 lucis,
543 2527 703 2601 primaque
717 2526 816 2586 noctis
833 2531 911 2583 erat:

173 2609 321 2670 Ducimur
334 2610 496 2670 Inachides
512 2612 614 2685 magni
629 2611 686 2670 sub
704 2617 781 2670 tecta
794 2606 924 2680 Pelasgi,

215 2692 253 2751 Et
268 2708 360 2753 socer
374 2701 505 2754 armatas
521 2695 631 2769 accipit
646 2695 714 2768 ipse
730 2709 833 2752 nurus.
944 2703 946 2707 ·

131 2785 165 2838 25
176 2776 319 2851 Undique
335 2779 497 2836 conlucent
511 2779 704 2852 praecinctae
720 2775 878 2850 lampades
894 2788 985 2834 auro:

215 2860 331 2920 Dantur
346 2861 376 2920 in
392 2861 506 2920 invitos
521 2862 695 2936 impletura
710 2861 813 2920 locos:
1046 2857 1112 2934 [tiss

114 2984 116 2989 ·
174 2945 293 3018 Vulgus
313 2945 462 3021 ‘Hyrnem
485 2945 675 3022 Hymenaee'
692 2950 813 3004 vocant.
844 2942 921 3016 tagit
934 2942 1113 3004 illevocan-

215 3027 288 3102 Ipsa
302 3029 385 3087 Iovis
402 3029 536 3089 coniunx
551 3029 646 3088 cessit
660 3027 698 3088 ab
714 3026 790 3086 urbe
805 3041 871 3087 sua.

174 3109 254 3170 Ecce
270 3127 353 3170 mero
370 3111 468 3183 dubii,
493 3113 636 3172 comitum
651 3113 783 3170 clamore
798 3111 984 3184 frequentes,

130 3199 166 3255 30
219 3194 308 3255 Flore
322 3209 404 3254 novo
419 3195 559 3254 madidas
575 3195 761 3269 impediente
777 3209 892 3264 comae,
911 3253 914 3258 .

173 3277 208 3336 ln
222 3277 373 3338 thalamos
388 3279 489 3339 laeti...
506 3279 671 3351 thalamos,
693 3295 749 3338 sua
762 3277 901 3337 bustal...
923 3276 1068 3346 teruntur,

217 3359 380 3436 Strataque
394 3362 591 3437 corporibus,
617 3363 721 3420 funere
736 3360 843 3432 digna,
866 3365 1017 3432 premunt.

173 3443 299 3519 lamque
315 3447 383 3508 cibo
398 3445 534 3522 vinoque
549 3461 660 3521 graves
675 3457 847 3516 somnoque
861 3439 1011 3514 iacebant,
