2498 4008
156 243 218 308 als
518 235 656 298 ARTIS
677 235 817 296 ΑΜΑΤ.

241 389 396 452 Munditiis
410 385 556 464 capimur.
578 405 640 450 non
656 388 717 452 sint
732 388 799 448 sine
812 388 882 462 lege
898 389 1015 463 capilli=

281 476 433 535 Admotae
450 473 584 532 sormam.
594 473 729 546 dantque
743 478 918 546 negantque
932 487 1054 536 manue.

177 569 227 624 135
238 560 300 620 Nec
315 573 413 633 genus
430 562 555 616 ornatus
569 573 663 616 unum
678 563 736 616 est.
760 555 843 630 quod
860 572 1014 631 quamque
1030 554 1159 628 decebit

282 643 403 716 Elegat,
425 646 454 699 et
469 640 628 714 speculum
645 641 786 700 consulat
801 645 985 700 ante‘suum.

240 728 346 799 Longa
362 723 472 800 probat
486 723 581 783 iacies
597 722 705 798 capitis
723 719 898 784 discrimina
910 725 995 799 puris

283 808 335 869 Sic
349 814 415 868 erat
429 807 543 868 ornatis
557 805 726 867 Laodamia
739 806 847 867 comis.

239 893 392 966 Exiguum
405 897 524 950 summa
537 891 652 951 nodum
667 890 725 949 sibi
740 891 839 950 lronte
852 890 992 964 relinqui,

179 984 230 1039 110
282 977 321 1036 111
335 978 459 1048 pateant
471 989 576 1046 aures,
600 989 654 1033 ora
670 973 801 1034 rotunda
816 976 933 1034 volunt.

240 1058 373 1120 Alterius
390 1058 489 1118 crines
504 1072 610 1117 umero
627 1058 775 1118 iactentur
788 1064 934 1132 utroque=

282 1141 363 1200 Talis
379 1157 413 1200 es
429 1141 607 1217 adsumpta,
629 1139 752 1201 Phoebe
767 1155 894 1214 canore,
916 1141 993 1216 lyra.

241 1225 346 1285 Altera
361 1225 535 1302 succinctae
549 1225 694 1300 religetur
708 1238 794 1284 more
810 1224 935 1296 Dianae,

282 1309 322 1369 Ut
338 1309 430 1382 solet,
451 1307 593 1368 attonitas
608 1323 677 1368 cum
691 1309 767 1382 petit
780 1308 832 1368 illa
847 1307 940 1367 laras.

177 1402 228 1460 115
239 1391 316 1452 Huic
331 1393 420 1453 decet
434 1390 557 1472 inflatos
572 1392 642 1451 laxe
657 1392 792 1452 iacuisse
806 1391 951 1465 capillosr

282 1477 337 1535 llla
351 1475 390 1535 sit
404 1475 557 1536 adstrictis
572 1474 767 1550 impedienda
782 1475 889 1535 comis.

240 1560 326 1618 Hanc
340 1561 441 1634 placet
456 1559 558 1620 ornari
573 1558 724 1618 testudine
741 1558 900 1634 Cyllenaea

284 1642 439 1703 Sustineat
452 1643 567 1702 similes
582 1640 725 1702 fluctibus
741 1641 794 1701 illa
809 1643 903 1703 sinus.

241 1725 304 1786 Sed
320 1741 420 1800 neque
434 1734 557 1786 ramosa
571 1725 745 1785 numerabis
760 1725 791 1784 in
805 1725 874 1786 ilice
887 1725 1024 1800 glandes
1051 1767 1054 1774 -

177 1818 229 1872 150
280 1809 343 1868 Nec
361 1816 435 1882 quot
449 1825 525 1884 apes
540 1808 656 1885 Hyble,
678 1825 737 1870 nec
753 1815 827 1884 quot
840 1808 871 1868 in
884 1809 965 1883 Alpe
980 1808 1073 1880 ferae,

239 1893 302 1955 Nee
316 1891 389 1958 mihi
404 1898 448 1952 111
462 1892 582 1967 positus
597 1908 724 1975 numero
741 1892 954 1967 conprendere
969 1891 1022 1965 las⁸
1031 1896 1086 1965 111Ι

281 1974 385 2035 Adicit
401 1983 526 2037 ornatus
543 1973 683 2051 proxima
698 1990 840 2052 quaeque
854 1976 931 2036 dies.

239 2058 278 2118 Et
291 2060 429 2119 neclecta
443 2059 532 2120 decet
544 2060 654 2120 multas
670 2075 767 2120 coma.
789 2075 885 2134 saepe
899 2059 1001 2118 iacere

281 2142 462 2202 Hesternam
478 2142 602 2216 credas,
623 2143 674 2204 illa
689 2159 806 2219 repexa
820 2142 955 2202 modost.

176 2235 226 2288 155
237 2228 297 2286 Ars
315 2241 421 2286 casum
435 2226 554 2286 similet.
586 2226 638 2286 Sic
652 2233 742 2306 capta
755 2225 832 2286 vidit
845 2233 879 2286 ut
889 2219 966 2286 ¹urbe

280 2309 407 2370 Alcides
422 2311 522 2385 lolen,
546 2308 637 2368 ‘hanc
651 2314 722 2385 ego’
739 2309 816 2372 dixit
830 2311 934 2370 ‘amo-³

239 2393 342 2453 Talem
358 2400 388 2453 te
401 2393 558 2466 Bacchus,
578 2395 692 2470 satyris
708 2385 908 2464 clamantibus
922 2390 1034 2460 euhoe,

283 2475 411 2536 Sustulit
425 2474 455 2534 in
470 2491 593 2552 currus,
617 2477 713 2538 Gnosi
727 2477 848 2550 relicta,
867 2490 953 2536 suos.

147 2565 153 2577 ¹
239 2558 264 2617 0
281 2565 426 2633 quantum
440 2559 578 2634 indulget
590 2567 693 2620 vestro
708 2565 817 2620 natura
831 2558 951 2630 decori,

176 2651 228 2706 100
281 2642 414 2715 Quarum
429 2649 499 2704 sunt
511 2643 613 2722 multis
628 2644 740 2704 damna
754 2643 868 2718 pianda
882 2641 999 2706 modis!

238 2725 303 2786 Nos
318 2726 397 2786 male
412 2727 595 2803 detegimur,
614 2727 756 2802 raptique
770 2732 870 2786 aetate
884 2725 996 2800 capilli,

282 2809 322 2869 Ut
336 2810 432 2880 borea
446 2810 573 2871 lrondes
590 2811 778 2885 excutiente,
798 2809 922 2869 cadunt.

239 2891 364 2973 Femina
378 2892 519 2954 canitiem
533 2894 693 2954 Germanis
707 2893 803 2954 inficit
817 2891 931 2966 herbis,

279 2975 319 3054 111
333 2975 441 3038 melior
454 2978 529 3038 varo
546 2973 700 3051 quaeritur
714 2983 778 3050 arte
792 2975 894 3038 colom

177 3067 227 3123 105
240 3057 365 3118 Femina
379 3058 519 3133 procedit
534 3059 721 3122 densissima
735 3059 870 3122 crinibus
888 3057 1009 3134 emptis,

281 3141 404 3217 Proque
418 3141 485 3202 suis
501 3142 579 3204 alios
594 3143 689 3205 elficit
702 3159 774 3204 aere
788 3159 876 3204 suos.

239 3223 302 3286 Nee
317 3225 474 3306 ruborest
489 3225 602 3289 emisse
616 3227 728 3304 palam.
749 3225 856 3288 venire
870 3226 1011 3286 videmus

281 3309 421 3370 Herculis
436 3317 507 3372 ante
524 3311 632 3372 oculos
646 3312 878 3386 virgineumque
893 3309 1034 3372 chorum.

240 3391 319 3463 Quid
334 3392 373 3456 de
388 3399 474 3454 vesle
487 3395 617 3468 loquar?
653 3393 717 3454 Nec
730 3410 813 3454 nunc
822 3397 987 3470 segmenta
999 3389 1132 3466 requiro,

147 3557 150 3562 Ι
177 3475 229 3530 110
281 3472 343 3531 1111
359 3490 437 3548 quae
453 3476 493 3536 de
508 3477 600 3554 Tyrio
617 3477 732 3544 murice
748 3479 819 3548 lana
832 3477 938 3541 rubes.
