2488 4006
220 253 314 313 xvu.
337 251 471 329 [xviri]
493 247 700 308 nunnoni
723 245 834 332 tta-f-
849 245 919 310 tes.
1018 250 1089 313 tto

144 405 363 466 Andromedan
378 404 455 462 alios
473 409 591 476 spectet
605 404 778 478 claramque
794 403 952 478 Coronam,

162 534 166 544 .
188 489 336 564 Quaeque*
348 488 440 548 ndeat
453 487 554 560 gelido
571 485 731 545 Parrhasis
745 487 825 548 Ursa
844 489 927 562 polo.

143 573 185 632 At
201 573 272 630 mihi
292 571 375 646 quod
390 571 520 629 Perseus
537 575 568 629 el
585 585 651 629 oum
670 571 744 628 lore
758 569 849 630 Liber
864 577 1009 641 amarunt,
1042 643 1044 646 ¹

187 655 334 715 Indicium
351 653 461 714 dubiae
475 669 536 722 non
551 655 652 728 placet
666 664 737 712 esse
751 655 830 713 viae.

81 749 132 800 155
143 737 198 798 Est
213 739 294 799 uliud
311 740 427 810 lumen,
451 739 543 797 multo
555 737 632 796 milri
651 738 853 810 continentis,

187 823 253 881 Non
270 823 325 880 erit
339 823 370 880 in
386 819 521 882 tenebris
538 837 600 894 quo
616 821 693 880 duee
707 829 813 881 noster
827 836 921 880 amor.

144 907 212 965 Hoc
228 921 286 980 ego
304 905 374 968 dum
390 910 542 980 spectem,
560 903 692 963 Colchos
708 913 738 965 et
751 905 779 962 in
796 906 901 964 ultima
915 905 1010 979 Ponti,
1037 903 1049 919 “·
1073 907 1075 914 ’

189 989 317 1061 Quaque
331 989 411 1064 viam
426 989 498 1047 feeit
511 987 659 1048 Thessala
672 989 780 1062 pinus,
804 1003 884 1046 eam:

145 1072 182 1130 Et
200 1071 474 1146 iuvenempossim
489 1086 635 1146 superare
649 1067 832 1130 Palaemona
847 1073 958 1144 nando,

80 1165 134 1218 160
186 1155 325 1228 Miraque
343 1169 433 1228 quem
450 1153 550 1213 subito
566 1152 698 1212 reddidit
713 1153 808 1212 herba
824 1155 922 1212 deum.

146 1237 247 1311 Saepe
261 1251 318 1311 per
331 1229 480 1296 adsiduos
498 1236 643 1309 languent
656 1251 724 1294 mea
737 1236 863 1295 brachia
877 1244 987 1308 motor,

187 1320 309 1393 Vixque
324 1335 380 1394 per
387 1319 549 1378 inmensas
564 1319 649 1378 fessa
662 1319 819 1378 trahuntur
834 1327 950 1393 aquas:

144 1404 201 1462 His
216 1419 274 1476 ego
291 1419 359 1462 eum
375 1403 437 1462 dixi
454 1402 594 1476 ‘pretium
611 1419 672 1462 non
688 1403 748 1461 vile
763 1403 877 1462 laboris

187 1488 249 1545 Iam
266 1487 407 1545 dominae
423 1485 512 1546 vobis
530 1486 608 1544 eolla
624 1486 756 1545 tenenda
772 1485 875 1558 debo’‚

76 1575 130 1632 '165
142 1569 285 1629 Protinus
301 1569 351 1628 itla
366 1571 467 1628 valent
482 1577 574 1642 atque
590 1570 629 1628 ad
646 1585 702 1629 sua
717 1568 852 1642 praemia
867 1568 1002 1642 tendunt,

186 1653 226 1712 Ut
240 1652 321 1710 celer
333 1651 408 1710 Eleo
425 1665 548 1713 earoere
563 1652 677 1712 missus
693 1667 801 1726 equur.

143 1737 216 1811 Ipse
226 1750 317 1794 meos
334 1735 424 1809 igitur
438 1751 545 1808 servo,
569 1735 680 1808 quibus
694 1750 781 1806 uror,
804 1749 934 1808 amoreS,
1046 1795 1049 1800 ,

124 1889 125 1894 ¹
186 1818 306 1892 Teque,
329 1817 426 1892 nragis
441 1819 530 1878 eaelo·
543 1817 635 1892 digna
651 1819 766 1892 puella,
788 1833 912 1891 sequor.

143 1901 242 1975 Digna
258 1903 380 1976 quidem
396 1902 481 1961 caelo
496 1917 547 1973 eS,
571 1901 627 1960 sed
644 1900 744 1960 adhue
757 1901 865 1960 tellure
879 1915 1008 1974 morare,

77 1992 132 2046 170
185 1987 246 2043 Aut
262 1985 327 2058 dio,
347 1985 385 2043 ad
404 2000 533 2059 superos
552 1984 670 2045 etmihi
686 1999 747 2058 qua
763 1985 801 2044 sit
815 1983 881 2043 iter.

144 2066 201 2126 Hie
218 2082 266 2140 es,
291 2075 320 2126 et
335 2069 445 2142 exigue
460 2069 571 2127 misero
587 2069 738 2142 contingis
753 2067 880 2126 amanti:

189 2149 323 2223 Cumque
338 2167 406 2209 mea
419 2151 496 2211 fiunt
510 2151 630 2210 turbide
642 2153 743 2211 mente
758 2152 844 2211 treta.
963 2225 965 2229 ι

138 2233 223 2317 ¹Quid
238 2233 325 2306 mihi,
349 2234 433 2308 q'uod
448 2227 584 2293 lato‘nou
599 2238 893 2309 separor‘aequore,
917 2231 1065 2308 prodest?

186 2317 263 2376 Num
278 2317 378 2377 minus
393 2317 470 2377 haee
485 2316 574 2376 nobis
589 2324 650 2378 tam
666 2317 769 2376 brevis
785 2317 887 2376 obstat
902 2322 1003 2390 aqua?

74 2408 129 2463 175
145 2400 192 2458 An
203 2400 323 2472 malim,
338 2401 467 2481 dubito,
490 2407 554 2460 tolo
569 2402 677 2475 procul
692 2398 767 2459 orbe
780 2406 916 2459 remotus

189 2483 261 2542 Cum
277 2485 399 2544 domina
413 2486 504 2559 longe
519 2499 606 2558 spem
623 2497 746 2558 quoquo
760 2483 874 2550 habere
892 2495 1001 2541 meam.

144 2566 210 2640 Quo
228 2567 357 2642 propius
371 2583 452 2628 nuno
467 2584 517 2642 ea,
537 2567 659 2627 flamma
674 2566 818 2641 propiore
833 2569 965 2636 calesco,

186 2650 224 2710 Et
240 2667 290 2710 res
308 2666 371 2712 non
386 2667 522 2727 semper,
545 2666 619 2726 spes
633 2650 705 2710 milri
723 2665 846 2724 semper
860 2650 957 2708 adest.

143 2733 246 2794 Paene
260 2751 367 2808 manu,
390 2737 474 2810 quod
488 2751 589 2796 amo...
603 2740 686 2794 tanta
701 2739 749 2799 est
763 2733 902 2800 vicinia..
918 2737 1029 2806 tangor
1076 2776 1079 2781 .

75 2826 133 2880 180
188 2816 290 2894 Saepe
298 2819 361 2880 >sed
376 2819 439 2879 heu
453 2819 593 2878 lacrimas
608 2818 668 2878 hoe
683 2816 755 2876 mihi
770 2817 1002 2892 paene'movet.,

143 2902 233 2962 Velle
249 2902 324 2978 quid
340 2909 387 2962 est
402 2903 485 2962 aliud
499 2903 645 2977 fugientia
662 2901 813 2976 prendere
827 2915 929 2975 poma,

188 2984 345 3062 Spemque
360 3003 417 3047 suo
431 2987 529 3062 refugi
544 2982 678 3047 fluminis
695 3001 748 3044 ore
764 2984 893 3069 sequit,¹

143 3069 226 3142 Ergo
242 3085 300 3144 ego
314 3077 344 3130 te
359 3086 539 3145 numquam,
560 3069 619 3128 uisi
636 3085 704 3137 eum
719 3069 802 3128 volet
815 3067 911 3139 unda,
935 3065 1055 3142 tenebo,

186 3152 225 3212 Et
237 3169 288 3214 me
301 3153 421 3215 ielioem
435 3155 519 3214 nulia
533 3153 648 3214 videbit
661 3153 803 3227 hiempsr

59 3243 129 3315 Ι185
144 3235 282 3312 Cumque
296 3239 395 3298 minus
411 3237 529 3297 firmum
545 3238 586 3296 nil
605 3238 657 3309 sit,
683 3251 774 3311 quam
791 3240 897 3293 ventus
913 3237 943 3292 et
958 3233 1050 3304 unda,

186 3321 221 3382 ln
235 3321 334 3382 ventis
350 3328 380 3382 et
394 3337 473 3398 aqua
488 3337 562 3396 spes
577 3337 645 3380 mea
661 3333 783 3394 semper
797 3317 874 3376 eritt

142 3405 258 3466 Aestus
271 3405 372 3467 adhue
384 3411 484 3466 tamen
496 3411 553 3464 est.
568 3405 656 3479 Quid,
669 3419 737 3462 eum
750 3399 1085 3474 mihilaeseritoequor

184 3485 266 3548 Plias
283 3487 538 3568 et-Arotophylax
553 3487 754 3562 Oleniumque
768 3490 887 3560 pecus?

94 3585 184 3631 ovtu.
207 3570 229 3630 l.
375 3609 378 3615 ι
642 3615 644 3620 .
882 3577 916 3628 10
