<?xml version="1.0" encoding="UTF-8"?>
<!DOCTYPE html PUBLIC "-//W3C//DTD XHTML 1.0 Transitional//EN"
    "http://www.w3.org/TR/xhtml1/DTD/xhtml1-transitional.dtd">
<html xmlns="http://www.w3.org/1999/xhtml" xml:lang="en" lang="en">
 <head>
  <title>
</title>
<meta http-equiv="Content-Type" content="text/html;charset=utf-8" />
  <meta name='ocr-system' content='tesseract 3.04.00' />
  <meta name='ocr-capabilities' content='ocr_page ocr_carea ocr_par ocr_line ocrx_word'/>
</head>
<body>
  <div class='ocr_page' id='page_1' title='image "./povidiusnaso02merkgoog_0135.png"; bbox 0 0 2488 4006; ppageno 0'>
   <div class='ocr_carea' id='block_1_1' title="bbox 143 182 780 291">
    <p class='ocr_par' dir='ltr' id='par_1_1' title="bbox 143 182 780 291">
     <span class='ocr_line' id='line_1_1' title="bbox 143 182 780 291; baseline -0.005 -1"><span class='ocrx_word' id='word_1_1' title='bbox 143 227 205 291; x_wconf 85' lang='lat'>110</span> <span class='ocrx_word' id='word_1_2' title='bbox 248 186 250 189; x_wconf 57' lang='grc'><em>’</em></span> <span class='ocrx_word' id='word_1_3' title='bbox 503 182 780 290; x_wconf 77' lang='lat' dir='ltr'>nuncians.</span> 
     </span>
    </p>
   </div>
   <div class='ocr_carea' id='block_1_2' title="bbox 122 378 1163 3548">
    <p class='ocr_par' dir='ltr' id='par_1_2' title="bbox 122 378 1163 3548">
     <span class='ocr_line' id='line_1_2' title="bbox 226 378 1026 456; baseline 0.006 -16"><span class='ocrx_word' id='word_1_4' title='bbox 226 378 304 454; x_wconf 80' lang='lat' dir='ltr'>Quid</span> <span class='ocrx_word' id='word_1_5' title='bbox 320 379 405 441; x_wconf 86' lang='lat' dir='ltr'>iuuat</span> <span class='ocrx_word' id='word_1_6' title='bbox 417 381 569 441; x_wconf 86' lang='lat' dir='ltr'>admotam</span> <span class='ocrx_word' id='word_1_7' title='bbox 585 396 781 456; x_wconf 83' lang='lat' dir='ltr'>peravarum</span> <span class='ocrx_word' id='word_1_8' title='bbox 797 383 919 442; x_wconf 87' lang='lat' dir='ltr'>nomina</span> <span class='ocrx_word' id='word_1_9' title='bbox 934 384 1026 445; x_wconf 62' lang='lat' dir='ltr'>caclo·</span> 
     </span>
     <span class='ocr_line' id='line_1_3' title="bbox 268 464 892 540; baseline 0.005 -19"><span class='ocrx_word' id='word_1_10' title='bbox 268 464 349 522; x_wconf 89' lang='lat' dir='ltr'>Inter</span> <span class='ocrx_word' id='word_1_11' title='bbox 363 470 511 539; x_wconf 81' lang='lat' dir='ltr'>cognatos</span> <span class='ocrx_word' id='word_1_12' title='bbox 528 480 623 540; x_wconf 89' lang='lat' dir='ltr'>posse</span> <span class='ocrx_word' id='word_1_13' title='bbox 637 465 752 524; x_wconf 79' lang='lat' dir='ltr'>referre</span> <span class='ocrx_word' id='word_1_14' title='bbox 766 466 892 525; x_wconf 79' lang='lat' dir='ltr'>lovemt</span> 
     </span>
     <span class='ocr_line' id='line_1_4' title="bbox 223 546 1040 622; baseline 0.007 -18"><span class='ocrx_word' id='word_1_15' title='bbox 223 546 301 606; x_wconf 89' lang='lat' dir='ltr'>Num</span> <span class='ocrx_word' id='word_1_16' title='bbox 316 548 414 608; x_wconf 92' lang='lat' dir='ltr'>minus</span> <span class='ocrx_word' id='word_1_17' title='bbox 429 547 589 622; x_wconf 83' lang='lat' dir='ltr'>infestum,</span> <span class='ocrx_word' id='word_1_18' title='bbox 612 548 751 608; x_wconf 80' lang='lat' dir='ltr'>funebria</span> <span class='ocrx_word' id='word_1_19' title='bbox 764 564 905 621; x_wconf 84' lang='lat' dir='ltr'>munera,</span> <span class='ocrx_word' id='word_1_20' title='bbox 929 549 1040 612; x_wconf 80' lang='lat' dir='ltr'>ferrum</span> 
     </span>
     <span class='ocr_line' id='line_1_5' title="bbox 163 630 983 709; baseline 0.006 -24"><span class='ocrx_word' id='word_1_21' title='bbox 163 640 218 692; x_wconf 70' lang='lat' dir='ltr'>‚ao</span> <span class='ocrx_word' id='word_1_22' title='bbox 270 630 414 690; x_wconf 89' lang='lat' dir='ltr'>Feminea</span> <span class='ocrx_word' id='word_1_23' title='bbox 427 639 533 702; x_wconf 88' lang='lat' dir='ltr'>teneo,</span> <span class='ocrx_word' id='word_1_24' title='bbox 557 648 618 690; x_wconf 93' lang='lat' dir='ltr'>non</span> <span class='ocrx_word' id='word_1_25' title='bbox 633 647 701 692; x_wconf 89' lang='lat' dir='ltr'>mea</span> <span class='ocrx_word' id='word_1_26' title='bbox 715 633 790 709; x_wconf 71' lang='lat' dir='ltr'>tela,</span> <span class='ocrx_word' id='word_1_27' title='bbox 812 639 924 704; x_wconf 70' lang='lat' dir='ltr'>manua</span> <span class='ocrx_word' id='word_1_28' title='bbox 981 633 983 638; x_wconf 86' lang='lat'>&#39;</span> 
     </span>
     <span class='ocr_line' id='line_1_6' title="bbox 226 713 1073 790; baseline 0.005 -18"><span class='ocrx_word' id='word_1_29' title='bbox 226 713 250 773; x_wconf 94' lang='lat'>0</span> <span class='ocrx_word' id='word_1_30' title='bbox 265 714 393 790; x_wconf 89' lang='lat' dir='ltr'>utinam,</span> <span class='ocrx_word' id='word_1_31' title='bbox 413 715 572 790; x_wconf 86' lang='lat' dir='ltr'>Macareu‚</span> <span class='ocrx_word' id='word_1_32' title='bbox 595 731 673 790; x_wconf 87' lang='lat' dir='ltr'>quae</span> <span class='ocrx_word' id='word_1_33' title='bbox 689 731 746 776; x_wconf 92' lang='lat' dir='ltr'>nos</span> <span class='ocrx_word' id='word_1_34' title='bbox 762 715 913 776; x_wconf 83' lang='lat' dir='ltr'><strong>commisit</strong></span> <span class='ocrx_word' id='word_1_35' title='bbox 927 717 957 775; x_wconf 91' lang='lat' dir='ltr'>in</span> <span class='ocrx_word' id='word_1_36' title='bbox 971 733 1073 790; x_wconf 89' lang='lat' dir='ltr'>unum,</span> 
     </span>
     <span class='ocr_line' id='line_1_7' title="bbox 266 798 788 859; baseline 0.004 -4"><span class='ocrx_word' id='word_1_37' title='bbox 266 798 414 859; x_wconf 82' lang='lat' dir='ltr'>Venisset</span> <span class='ocrx_word' id='word_1_38' title='bbox 426 800 487 858; x_wconf 92' lang='lat' dir='ltr'>leto</span> <span class='ocrx_word' id='word_1_39' title='bbox 502 801 600 858; x_wconf 90' lang='lat' dir='ltr'>serior</span> <span class='ocrx_word' id='word_1_40' title='bbox 610 799 690 858; x_wconf 87' lang='lat' dir='ltr'>hora</span> <span class='ocrx_word' id='word_1_41' title='bbox 703 807 788 859; x_wconf 86' lang='lat' dir='ltr'>meo!</span> 
     </span>
     <span class='ocr_line' id='line_1_8' title="bbox 226 879 1112 956; baseline 0.002 -17"><span class='ocrx_word' id='word_1_42' title='bbox 226 879 443 955; x_wconf 74' lang='lat' dir='ltr'>ennumquam</span> <span class='ocrx_word' id='word_1_43' title='bbox 459 885 607 956; x_wconf 79' lang='lat' dir='ltr'>plasme,</span> <span class='ocrx_word' id='word_1_44' title='bbox 630 882 735 956; x_wconf 84' lang='lat' dir='ltr'>irater,</span> <span class='ocrx_word' id='word_1_45' title='bbox 759 898 850 956; x_wconf 88' lang='lat' dir='ltr'>quam</span> <span class='ocrx_word' id='word_1_46' title='bbox 865 883 971 954; x_wconf 84' lang='lat' dir='ltr'>frater,</span> <span class='ocrx_word' id='word_1_47' title='bbox 993 885 1112 956; x_wconf 90' lang='lat' dir='ltr'>amasti,</span> 
     </span>
     <span class='ocr_line' id='line_1_9' title="bbox 266 955 995 1040; baseline 0.003 -18"><span class='ocrx_word' id='word_1_48' title='bbox 266 964 304 1023; x_wconf 82' lang='lat' dir='ltr'>Et</span> <span class='ocrx_word' id='word_1_49' title='bbox 316 963 370 1024; x_wconf 89' lang='lat' dir='ltr'>libi</span> <span class='ocrx_word' id='word_1_50' title='bbox 385 965 554 1026; x_wconf 68' lang='lat' dir='ltr'>non&#39;debet</span> <span class='ocrx_word' id='word_1_51' title='bbox 568 965 651 1040; x_wconf 91' lang='lat' dir='ltr'>quod</span> <span class='ocrx_word' id='word_1_52' title='bbox 666 981 756 1026; x_wconf 90' lang='lat' dir='ltr'>soror</span> <span class='ocrx_word' id='word_1_53' title='bbox 770 955 858 1040; x_wconf 70' lang='lat' dir='ltr'>esseJ</span> <span class='ocrx_word' id='word_1_54' title='bbox 878 966 941 1025; x_wconf 77' lang='lat' dir='ltr'>fuir</span> <span class='ocrx_word' id='word_1_55' title='bbox 993 967 995 972; x_wconf 82' lang='grc'>’</span> 
     </span>
     <span class='ocr_line' id='line_1_10' title="bbox 182 1047 1063 1124; baseline 0 -16"><span class='ocrx_word' id='word_1_56' title='bbox 182 1055 216 1108; x_wconf 75' lang='lat'>25</span> <span class='ocrx_word' id='word_1_57' title='bbox 227 1047 300 1122; x_wconf 91' lang='lat' dir='ltr'>Ipsa</span> <span class='ocrx_word' id='word_1_58' title='bbox 316 1064 440 1124; x_wconf 89' lang='lat' dir='ltr'>quoque</span> <span class='ocrx_word' id='word_1_59' title='bbox 455 1049 574 1110; x_wconf 86' lang='lat' dir='ltr'>incalui.</span> <span class='ocrx_word' id='word_1_60' title='bbox 596 1050 780 1124; x_wconf 81' lang='lat' dir='ltr'>qualemque</span> <span class='ocrx_word' id='word_1_61' title='bbox 795 1050 902 1109; x_wconf 93' lang='lat' dir='ltr'>audire</span> <span class='ocrx_word' id='word_1_62' title='bbox 916 1051 1063 1124; x_wconf 78' lang='lat' dir='ltr'><strong>solebam,</strong></span> 
     </span>
     <span class='ocr_line' id='line_1_11' title="bbox 266 1132 945 1208; baseline 0.001 -16"><span class='ocrx_word' id='word_1_63' title='bbox 266 1132 378 1192; x_wconf 88' lang='lat' dir='ltr'>Nescio</span> <span class='ocrx_word' id='word_1_64' title='bbox 395 1149 485 1207; x_wconf 91' lang='lat' dir='ltr'>quem</span> <span class='ocrx_word' id='word_1_65' title='bbox 500 1133 584 1192; x_wconf 89' lang='lat' dir='ltr'>sensi</span> <span class='ocrx_word' id='word_1_66' title='bbox 600 1133 693 1193; x_wconf 85' lang='lat' dir='ltr'>corde</span> <span class='ocrx_word' id='word_1_67' title='bbox 707 1140 830 1208; x_wconf 89' lang='lat' dir='ltr'>tepente</span> <span class='ocrx_word' id='word_1_68' title='bbox 845 1134 945 1193; x_wconf 88' lang='lat' dir='ltr'>deum.</span> 
     </span>
     <span class='ocr_line' id='line_1_12' title="bbox 223 1214 966 1290; baseline -0.001 -17"><span class='ocrx_word' id='word_1_69' title='bbox 223 1214 354 1290; x_wconf 79' lang='lat' dir='ltr'><strong>Fugerat</strong></span> <span class='ocrx_word' id='word_1_70' title='bbox 369 1232 422 1275; x_wconf 86' lang='lat' dir='ltr'>ore</span> <span class='ocrx_word' id='word_1_71' title='bbox 438 1217 532 1276; x_wconf 88' lang='lat' dir='ltr'>celer.</span> <span class='ocrx_word' id='word_1_72' title='bbox 555 1218 669 1276; x_wconf 91' lang='lat' dir='ltr'>macies</span> <span class='ocrx_word' id='word_1_73' title='bbox 684 1217 854 1276; x_wconf 73' lang='lat' dir='ltr'>adduxerat</span> <span class='ocrx_word' id='word_1_74' title='bbox 868 1225 966 1278; x_wconf 82' lang='lat' dir='ltr'>artus=</span> 
     </span>
     <span class='ocr_line' id='line_1_13' title="bbox 266 1297 896 1361; baseline -0.005 -2"><span class='ocrx_word' id='word_1_75' title='bbox 266 1297 434 1360; x_wconf 78' lang='lat' dir='ltr'>Sumebant</span> <span class='ocrx_word' id='word_1_76' title='bbox 449 1301 589 1360; x_wconf 90' lang='lat' dir='ltr'>minimos</span> <span class='ocrx_word' id='word_1_77' title='bbox 605 1316 659 1360; x_wconf 89' lang='lat' dir='ltr'>ora</span> <span class='ocrx_word' id='word_1_78' title='bbox 674 1307 781 1361; x_wconf 91' lang='lat' dir='ltr'>coacta</span> <span class='ocrx_word' id='word_1_79' title='bbox 795 1301 896 1360; x_wconf 77' lang='lat' dir='ltr'>cibos:</span> 
     </span>
     <span class='ocr_line' id='line_1_14' title="bbox 223 1381 972 1457; baseline 0.004 -16"><span class='ocrx_word' id='word_1_80' title='bbox 223 1381 286 1442; x_wconf 90' lang='lat' dir='ltr'>Nec</span> <span class='ocrx_word' id='word_1_81' title='bbox 301 1384 399 1442; x_wconf 90' lang='lat' dir='ltr'>somni</span> <span class='ocrx_word' id='word_1_82' title='bbox 414 1385 535 1456; x_wconf 81' lang='lat' dir='ltr'>faciles,</span> <span class='ocrx_word' id='word_1_83' title='bbox 559 1391 591 1444; x_wconf 90' lang='lat' dir='ltr'>et</span> <span class='ocrx_word' id='word_1_84' title='bbox 604 1393 667 1443; x_wconf 89' lang='lat' dir='ltr'>nox</span> <span class='ocrx_word' id='word_1_85' title='bbox 682 1391 747 1443; x_wconf 84' lang='lat' dir='ltr'>erat</span> <span class='ocrx_word' id='word_1_86' title='bbox 760 1399 860 1444; x_wconf 91' lang='lat' dir='ltr'>annua</span> <span class='ocrx_word' id='word_1_87' title='bbox 874 1384 972 1457; x_wconf 74' lang='lat' dir='ltr'>nobis</span> 
     </span>
     <span class='ocr_line' id='line_1_15' title="bbox 181 1466 1071 1542; baseline -0.001 -15"><span class='ocrx_word' id='word_1_88' title='bbox 181 1472 217 1527; x_wconf 79' lang='lat'>30</span> <span class='ocrx_word' id='word_1_89' title='bbox 269 1466 307 1525; x_wconf 84' lang='lat' dir='ltr'>Et</span> <span class='ocrx_word' id='word_1_90' title='bbox 320 1467 464 1542; x_wconf 83' lang='lat' dir='ltr'>gomi-tum</span> <span class='ocrx_word' id='word_1_91' title='bbox 482 1469 565 1528; x_wconf 91' lang='lat' dir='ltr'>nullo</span> <span class='ocrx_word' id='word_1_92' title='bbox 580 1469 668 1528; x_wconf 84' lang='lat' dir='ltr'>laesa</span> <span class='ocrx_word' id='word_1_93' title='bbox 682 1468 792 1532; x_wconf 82' lang='lat' dir='ltr'>dolore</span> <span class='ocrx_word' id='word_1_94' title='bbox 803 1466 929 1527; x_wconf 88' lang='lat' dir='ltr'>dabam:</span> <span class='ocrx_word' id='word_1_95' title='bbox 1067 1521 1071 1526; x_wconf 85' lang='grc'><strong>,</strong></span> 
     </span>
     <span class='ocr_line' id='line_1_16' title="bbox 223 1549 1163 1626; baseline 0 -18"><span class='ocrx_word' id='word_1_96' title='bbox 223 1549 300 1623; x_wconf 91' lang='lat' dir='ltr'>Nec,</span> <span class='ocrx_word' id='word_1_97' title='bbox 321 1566 375 1610; x_wconf 91' lang='lat' dir='ltr'>cur</span> <span class='ocrx_word' id='word_1_98' title='bbox 387 1551 464 1610; x_wconf 89' lang='lat' dir='ltr'>haec</span> <span class='ocrx_word' id='word_1_99' title='bbox 477 1551 623 1624; x_wconf 86' lang='lat' dir='ltr'>iacerem,</span> <span class='ocrx_word' id='word_1_100' title='bbox 646 1558 784 1626; x_wconf 90' lang='lat' dir='ltr'>poteram</span> <span class='ocrx_word' id='word_1_101' title='bbox 795 1550 867 1610; x_wconf 91' lang='lat' dir='ltr'>mihi</span> <span class='ocrx_word' id='word_1_102' title='bbox 880 1550 1011 1610; x_wconf 82' lang='lat' dir='ltr'>reddere</span> <span class='ocrx_word' id='word_1_103' title='bbox 1023 1565 1163 1623; x_wconf 88' lang='lat' dir='ltr'>cansam,</span> 
     </span>
     <span class='ocr_line' id='line_1_17' title="bbox 265 1633 1041 1709; baseline 0.001 -18"><span class='ocrx_word' id='word_1_104' title='bbox 265 1633 327 1693; x_wconf 91' lang='lat' dir='ltr'>Nec</span> <span class='ocrx_word' id='word_1_105' title='bbox 343 1647 464 1709; x_wconf 82' lang='lat' dir='ltr'>noram,</span> <span class='ocrx_word' id='word_1_106' title='bbox 487 1635 561 1709; x_wconf 91' lang='lat' dir='ltr'>quid</span> <span class='ocrx_word' id='word_1_107' title='bbox 576 1649 681 1694; x_wconf 86' lang='lat' dir='ltr'>amans</span> <span class='ocrx_word' id='word_1_108' title='bbox 699 1641 791 1694; x_wconf 88' lang='lat' dir='ltr'>esset.</span> <span class='ocrx_word' id='word_1_109' title='bbox 814 1642 844 1694; x_wconf 88' lang='lat' dir='ltr'>at</span> <span class='ocrx_word' id='word_1_110' title='bbox 859 1634 933 1694; x_wconf 92' lang='lat' dir='ltr'>illud</span> <span class='ocrx_word' id='word_1_111' title='bbox 947 1649 1041 1692; x_wconf 88' lang='lat' dir='ltr'>eram.</span> 
     </span>
     <span class='ocr_line' id='line_1_18' title="bbox 223 1715 962 1792; baseline 0.003 -19"><span class='ocrx_word' id='word_1_112' title='bbox 223 1715 323 1775; x_wconf 91' lang='lat' dir='ltr'>Prima</span> <span class='ocrx_word' id='word_1_113' title='bbox 338 1718 449 1776; x_wconf 89' lang='lat' dir='ltr'>malum</span> <span class='ocrx_word' id='word_1_114' title='bbox 465 1718 563 1778; x_wconf 85' lang='lat' dir='ltr'>nutrix</span> <span class='ocrx_word' id='word_1_115' title='bbox 578 1719 679 1777; x_wconf 90' lang='lat' dir='ltr'>animo</span> <span class='ocrx_word' id='word_1_116' title='bbox 695 1718 868 1792; x_wconf 80' lang='lat' dir='ltr'>praesensit</span> <span class='ocrx_word' id='word_1_117' title='bbox 881 1718 962 1790; x_wconf 88' lang='lat' dir='ltr'>anili,</span> 
     </span>
     <span class='ocr_line' id='line_1_19' title="bbox 265 1800 946 1874; baseline 0.003 -16"><span class='ocrx_word' id='word_1_118' title='bbox 265 1800 365 1860; x_wconf 91' lang='lat' dir='ltr'>Prima</span> <span class='ocrx_word' id='word_1_119' title='bbox 379 1801 451 1860; x_wconf 91' lang='lat' dir='ltr'>mihi</span> <span class='ocrx_word' id='word_1_120' title='bbox 467 1803 566 1860; x_wconf 88' lang='lat' dir='ltr'>nutrix</span> <span class='ocrx_word' id='word_1_121' title='bbox 582 1802 712 1874; x_wconf 71' lang='lat' dir='ltr'>‘Aeoli,’</span> <span class='ocrx_word' id='word_1_122' title='bbox 734 1801 811 1860; x_wconf 83' lang='lat' dir='ltr'>dixit</span> <span class='ocrx_word' id='word_1_123' title='bbox 825 1805 946 1860; x_wconf 68' lang='lat' dir='ltr'>‘emas&#39;</span> 
     </span>
     <span class='ocr_line' id='line_1_20' title="bbox 122 1883 952 1960; baseline 0.004 -19"><span class='ocrx_word' id='word_1_124' title='bbox 122 1925 125 1941; x_wconf 87' lang='lat'><strong><em>.</em></strong></span> <span class='ocrx_word' id='word_1_125' title='bbox 182 1893 215 1946; x_wconf 78' lang='lat'>35</span> <span class='ocrx_word' id='word_1_126' title='bbox 227 1883 355 1957; x_wconf 83' lang='lat' dir='ltr'>Erubui,</span> <span class='ocrx_word' id='word_1_127' title='bbox 377 1885 556 1958; x_wconf 79' lang='lat' dir='ltr'>gremioque</span> <span class='ocrx_word' id='word_1_128' title='bbox 572 1885 672 1960; x_wconf 92' lang='lat' dir='ltr'>pudor</span> <span class='ocrx_word' id='word_1_129' title='bbox 685 1885 795 1944; x_wconf 89' lang='lat' dir='ltr'>deiecit</span> <span class='ocrx_word' id='word_1_130' title='bbox 811 1887 952 1956; x_wconf 60' lang='lat' dir='ltr'>ocellos.⁴</span> 
     </span>
     <span class='ocr_line' id='line_1_21' title="bbox 265 1967 939 2042; baseline 0 -16"><span class='ocrx_word' id='word_1_131' title='bbox 265 1967 349 2026; x_wconf 90' lang='lat' dir='ltr'>Haec</span> <span class='ocrx_word' id='word_1_132' title='bbox 365 1968 439 2028; x_wconf 89' lang='lat' dir='ltr'>satis</span> <span class='ocrx_word' id='word_1_133' title='bbox 454 1969 484 2027; x_wconf 93' lang='lat' dir='ltr'>in</span> <span class='ocrx_word' id='word_1_134' title='bbox 500 1969 591 2028; x_wconf 87' lang='lat' dir='ltr'>tacita</span> <span class='ocrx_word' id='word_1_135' title='bbox 606 1969 694 2042; x_wconf 81' lang='lat' dir='ltr'>signa</span> <span class='ocrx_word' id='word_1_136' title='bbox 709 1968 830 2028; x_wconf 84' lang='lat' dir='ltr'>latentis</span> <span class='ocrx_word' id='word_1_137' title='bbox 845 1975 939 2036; x_wconf 80' lang='lat' dir='ltr'>erant.</span> 
     </span>
     <span class='ocr_line' id='line_1_22' title="bbox 223 2051 973 2126; baseline 0.001 -17"><span class='ocrx_word' id='word_1_138' title='bbox 223 2052 348 2123; x_wconf 89' lang='lat' dir='ltr'>Iamque</span> <span class='ocrx_word' id='word_1_139' title='bbox 363 2052 572 2111; x_wconf 81' lang='lat' dir='ltr'>tumescebant</span> <span class='ocrx_word' id='word_1_140' title='bbox 588 2052 681 2111; x_wconf 87' lang='lat' dir='ltr'>vitiati</span> <span class='ocrx_word' id='word_1_141' title='bbox 696 2052 833 2126; x_wconf 89' lang='lat' dir='ltr'>pondera</span> <span class='ocrx_word' id='word_1_142' title='bbox 847 2051 973 2122; x_wconf 90' lang='lat' dir='ltr'>ventris,</span> 
     </span>
     <span class='ocr_line' id='line_1_23' title="bbox 265 2133 999 2208; baseline -0.003 -16"><span class='ocrx_word' id='word_1_143' title='bbox 265 2136 430 2207; x_wconf 85' lang='lat' dir='ltr'>Aegraque</span> <span class='ocrx_word' id='word_1_144' title='bbox 445 2135 586 2195; x_wconf 83' lang='lat' dir='ltr'>furtivum</span> <span class='ocrx_word' id='word_1_145' title='bbox 602 2133 736 2194; x_wconf 89' lang='lat' dir='ltr'>membra</span> <span class='ocrx_word' id='word_1_146' title='bbox 750 2133 897 2208; x_wconf 84' lang='lat' dir='ltr'>gravabat</span> <span class='ocrx_word' id='word_1_147' title='bbox 911 2149 999 2194; x_wconf 90' lang='lat' dir='ltr'>onus.</span> 
     </span>
     <span class='ocr_line' id='line_1_24' title="bbox 224 2215 1123 2294; baseline 0 -18"><span class='ocrx_word' id='word_1_148' title='bbox 224 2217 305 2290; x_wconf 82' lang='lat' dir='ltr'>Quas</span> <span class='ocrx_word' id='word_1_149' title='bbox 320 2215 393 2275; x_wconf 92' lang='lat' dir='ltr'>mihi</span> <span class='ocrx_word' id='word_1_150' title='bbox 408 2233 468 2276; x_wconf 90' lang='lat' dir='ltr'>non</span> <span class='ocrx_word' id='word_1_151' title='bbox 484 2218 610 2291; x_wconf 81' lang='lat' dir='ltr'>herbae,</span> <span class='ocrx_word' id='word_1_152' title='bbox 633 2235 712 2294; x_wconf 89' lang='lat' dir='ltr'>quae</span> <span class='ocrx_word' id='word_1_153' title='bbox 726 2234 788 2278; x_wconf 92' lang='lat' dir='ltr'>non</span> <span class='ocrx_word' id='word_1_154' title='bbox 803 2217 1005 2278; x_wconf 85' lang='lat' dir='ltr'>medicamina</span> <span class='ocrx_word' id='word_1_155' title='bbox 1019 2216 1123 2279; x_wconf 78' lang='lat' dir='ltr'>nuuix</span> 
     </span>
     <span class='ocr_line' id='line_1_25' title="bbox 180 2300 917 2377; baseline 0.001 -15"><span class='ocrx_word' id='word_1_156' title='bbox 180 2309 215 2362; x_wconf 83' lang='lat'>40</span> <span class='ocrx_word' id='word_1_157' title='bbox 266 2300 373 2360; x_wconf 83' lang='lat' dir='ltr'>Attulit</span> <span class='ocrx_word' id='word_1_158' title='bbox 387 2300 495 2360; x_wconf 92' lang='lat' dir='ltr'>audaci</span> <span class='ocrx_word' id='word_1_159' title='bbox 511 2303 736 2376; x_wconf 89' lang='lat' dir='ltr'>supposuitque</span> <span class='ocrx_word' id='word_1_160' title='bbox 752 2318 853 2377; x_wconf 77' lang='lat' dir='ltr'>manu,</span> <span class='ocrx_word' id='word_1_161' title='bbox 915 2341 917 2344; x_wconf 94' lang='lat'>-</span> 
     </span>
     <span class='ocr_line' id='line_1_26' title="bbox 222 2383 994 2457; baseline -0.001 -15"><span class='ocrx_word' id='word_1_162' title='bbox 222 2383 262 2444; x_wconf 91' lang='lat' dir='ltr'>Ut</span> <span class='ocrx_word' id='word_1_163' title='bbox 275 2385 396 2457; x_wconf 90' lang='lat' dir='ltr'>penitus</span> <span class='ocrx_word' id='word_1_164' title='bbox 412 2385 556 2444; x_wconf 88' lang='lat' dir='ltr'>nostris...</span> <span class='ocrx_word' id='word_1_165' title='bbox 571 2385 631 2445; x_wconf 91' lang='lat' dir='ltr'>hcc</span> <span class='ocrx_word' id='word_1_166' title='bbox 645 2392 675 2446; x_wconf 89' lang='lat' dir='ltr'>te</span> <span class='ocrx_word' id='word_1_167' title='bbox 690 2386 856 2444; x_wconf 82' lang='lat' dir='ltr'>celavimus</span> <span class='ocrx_word' id='word_1_168' title='bbox 871 2403 994 2444; x_wconf 76' lang='lat' dir='ltr'>unuin...</span> 
     </span>
     <span class='ocr_line' id='line_1_27' title="bbox 265 2466 918 2529; baseline 0.003 -4"><span class='ocrx_word' id='word_1_169' title='bbox 265 2466 444 2528; x_wconf 81' lang='lat' dir='ltr'>Visceribus</span> <span class='ocrx_word' id='word_1_170' title='bbox 461 2483 603 2528; x_wconf 86' lang='lat' dir='ltr'>crescens</span> <span class='ocrx_word' id='word_1_171' title='bbox 619 2476 810 2529; x_wconf 85' lang='lat' dir='ltr'>excuteretur</span> <span class='ocrx_word' id='word_1_172' title='bbox 825 2479 918 2528; x_wconf 87' lang='lat' dir='ltr'>onus!</span> 
     </span>
     <span class='ocr_line' id='line_1_28' title="bbox 222 2551 903 2612; baseline 0.007 -5"><span class='ocrx_word' id='word_1_173' title='bbox 222 2553 265 2608; x_wconf 88' lang='lat' dir='ltr'>A!</span> <span class='ocrx_word' id='word_1_174' title='bbox 287 2551 411 2610; x_wconf 91' lang='lat' dir='ltr'>nimium</span> <span class='ocrx_word' id='word_1_175' title='bbox 428 2552 518 2611; x_wconf 90' lang='lat' dir='ltr'>vivax</span> <span class='ocrx_word' id='word_1_176' title='bbox 534 2553 663 2612; x_wconf 87' lang='lat' dir='ltr'>admotis</span> <span class='ocrx_word' id='word_1_177' title='bbox 679 2552 788 2612; x_wconf 89' lang='lat' dir='ltr'>restitit</span> <span class='ocrx_word' id='word_1_178' title='bbox 802 2553 903 2612; x_wconf 86' lang='lat' dir='ltr'>inians</span> 
     </span>
     <span class='ocr_line' id='line_1_29' title="bbox 144 2633 879 2707; baseline 0.003 -16"><span class='ocrx_word' id='word_1_179' title='bbox 144 2698 146 2702; x_wconf 55' lang='grc'>,</span> <span class='ocrx_word' id='word_1_180' title='bbox 263 2633 404 2707; x_wconf 76' lang='lat' dir='ltr'>ArtibuS,</span> <span class='ocrx_word' id='word_1_181' title='bbox 425 2642 454 2693; x_wconf 87' lang='lat' dir='ltr'>et</span> <span class='ocrx_word' id='word_1_182' title='bbox 468 2642 547 2694; x_wconf 87' lang='lat' dir='ltr'>tecto</span> <span class='ocrx_word' id='word_1_183' title='bbox 563 2642 643 2696; x_wconf 89' lang='lat' dir='ltr'>tutus</span> <span class='ocrx_word' id='word_1_184' title='bbox 659 2636 697 2694; x_wconf 91' lang='lat' dir='ltr'>ab</span> <span class='ocrx_word' id='word_1_185' title='bbox 712 2635 802 2697; x_wconf 89' lang='lat' dir='ltr'>hoste</span> <span class='ocrx_word' id='word_1_186' title='bbox 817 2637 879 2696; x_wconf 82' lang='lat' dir='ltr'>luit.</span> 
     </span>
     <span class='ocr_line' id='line_1_30' title="bbox 179 2717 1052 2801; baseline 0.002 -23"><span class='ocrx_word' id='word_1_187' title='bbox 179 2725 213 2780; x_wconf 79' lang='lat'>45</span> <span class='ocrx_word' id='word_1_188' title='bbox 225 2717 287 2775; x_wconf 91' lang='lat' dir='ltr'>lam</span> <span class='ocrx_word' id='word_1_189' title='bbox 302 2717 431 2778; x_wconf 87' lang='lat' dir='ltr'>noviens</span> <span class='ocrx_word' id='word_1_190' title='bbox 447 2726 511 2778; x_wconf 87' lang='lat' dir='ltr'>crat</span> <span class='ocrx_word' id='word_1_191' title='bbox 526 2725 592 2780; x_wconf 90' lang='lat' dir='ltr'>orta</span> <span class='ocrx_word' id='word_1_192' title='bbox 606 2735 696 2780; x_wconf 87' lang='lat' dir='ltr'>soror</span> <span class='ocrx_word' id='word_1_193' title='bbox 710 2721 912 2795; x_wconf 89' lang='lat' dir='ltr'>pulcherrima</span> <span class='ocrx_word' id='word_1_194' title='bbox 929 2719 1052 2801; x_wconf 85' lang='lat' dir='ltr'>Phoebi,</span> 
     </span>
     <span class='ocr_line' id='line_1_31' title="bbox 264 2802 958 2879; baseline 0.001 -19"><span class='ocrx_word' id='word_1_195' title='bbox 264 2802 412 2876; x_wconf 88' lang='lat' dir='ltr'>Denaque</span> <span class='ocrx_word' id='word_1_196' title='bbox 426 2803 571 2862; x_wconf 82' lang='lat' dir='ltr'>luciferos</span> <span class='ocrx_word' id='word_1_197' title='bbox 585 2803 672 2864; x_wconf 89' lang='lat' dir='ltr'>Luna</span> <span class='ocrx_word' id='word_1_198' title='bbox 685 2805 829 2864; x_wconf 89' lang='lat' dir='ltr'>movebat</span> <span class='ocrx_word' id='word_1_199' title='bbox 844 2819 958 2879; x_wconf 76' lang='lat' dir='ltr'>equos:</span> 
     </span>
     <span class='ocr_line' id='line_1_32' title="bbox 221 2883 1056 2966; baseline 0.01 -26"><span class='ocrx_word' id='word_1_200' title='bbox 221 2883 345 2957; x_wconf 85' lang='lat' dir='ltr'>Nescia,</span> <span class='ocrx_word' id='word_1_201' title='bbox 369 2901 448 2966; x_wconf 88' lang='lat' dir='ltr'>quae</span> <span class='ocrx_word' id='word_1_202' title='bbox 463 2886 576 2945; x_wconf 88' lang='lat' dir='ltr'>laceret</span> <span class='ocrx_word' id='word_1_203' title='bbox 591 2887 709 2949; x_wconf 88' lang='lat' dir='ltr'>subitos</span> <span class='ocrx_word' id='word_1_204' title='bbox 721 2887 794 2962; x_wconf 88' lang='lat' dir='ltr'>mibi</span> <span class='ocrx_word' id='word_1_205' title='bbox 812 2903 907 2948; x_wconf 89' lang='lat' dir='ltr'>causa</span> <span class='ocrx_word' id='word_1_206' title='bbox 922 2889 1056 2962; x_wconf 90' lang='lat' dir='ltr'>dolores,</span> 
     </span>
     <span class='ocr_line' id='line_1_33' title="bbox 262 2967 927 3045; baseline 0.012 -21"><span class='ocrx_word' id='word_1_207' title='bbox 262 2967 300 3027; x_wconf 85' lang='lat' dir='ltr'>Et</span> <span class='ocrx_word' id='word_1_208' title='bbox 317 2967 404 3029; x_wconf 87' lang='lat' dir='ltr'>rudis</span> <span class='ocrx_word' id='word_1_209' title='bbox 416 2969 456 3028; x_wconf 89' lang='lat' dir='ltr'>ad</span> <span class='ocrx_word' id='word_1_210' title='bbox 472 2977 575 3045; x_wconf 90' lang='lat' dir='ltr'>partus</span> <span class='ocrx_word' id='word_1_211' title='bbox 590 2977 620 3030; x_wconf 88' lang='lat' dir='ltr'>el</span> <span class='ocrx_word' id='word_1_212' title='bbox 634 2988 716 3032; x_wconf 88' lang='lat' dir='ltr'>nova</span> <span class='ocrx_word' id='word_1_213' title='bbox 731 2973 816 3031; x_wconf 89' lang='lat' dir='ltr'>miles</span> <span class='ocrx_word' id='word_1_214' title='bbox 832 2987 927 3034; x_wconf 81' lang='lat' dir='ltr'>eram.</span> 
     </span>
     <span class='ocr_line' id='line_1_34' title="bbox 220 3051 1083 3131; baseline 0.007 -23"><span class='ocrx_word' id='word_1_215' title='bbox 220 3051 282 3109; x_wconf 88' lang='lat' dir='ltr'>Nec</span> <span class='ocrx_word' id='word_1_216' title='bbox 299 3051 379 3110; x_wconf 87' lang='lat' dir='ltr'>tenui</span> <span class='ocrx_word' id='word_1_217' title='bbox 395 3068 511 3128; x_wconf 84' lang='lat' dir='ltr'>vocem.</span> <span class='ocrx_word' id='word_1_218' title='bbox 547 3054 649 3128; x_wconf 68' lang='lat' dir='ltr'>‘Quid’</span> <span class='ocrx_word' id='word_1_219' title='bbox 665 3056 707 3116; x_wconf 89' lang='lat' dir='ltr'>ait</span> <span class='ocrx_word' id='word_1_220' title='bbox 722 3059 786 3116; x_wconf 74' lang='lat' dir='ltr'>‘tua</span> <span class='ocrx_word' id='word_1_221' title='bbox 802 3056 928 3116; x_wconf 86' lang='lat' dir='ltr'>crimina</span> <span class='ocrx_word' id='word_1_222' title='bbox 942 3055 1083 3131; x_wconf 81' lang='lat' dir='ltr'>pmdist&#39;</span> 
     </span>
     <span class='ocr_line' id='line_1_35' title="bbox 178 3132 985 3214; baseline 0.011 -22"><span class='ocrx_word' id='word_1_223' title='bbox 178 3143 213 3194; x_wconf 83' lang='lat'>50</span> <span class='ocrx_word' id='word_1_224' title='bbox 268 3132 388 3208; x_wconf 88' lang='lat' dir='ltr'>Oraque</span> <span class='ocrx_word' id='word_1_225' title='bbox 403 3137 560 3196; x_wconf 87' lang='lat' dir='ltr'>clamantis</span> <span class='ocrx_word' id='word_1_226' title='bbox 577 3139 702 3198; x_wconf 89' lang='lat' dir='ltr'>conscia</span> <span class='ocrx_word' id='word_1_227' title='bbox 719 3141 833 3214; x_wconf 87' lang='lat' dir='ltr'>pressit</span> <span class='ocrx_word' id='word_1_228' title='bbox 847 3156 934 3208; x_wconf 75' lang='lat' dir='ltr'>anus,</span> <span class='ocrx_word' id='word_1_229' title='bbox 956 3183 959 3192; x_wconf 85' lang='lat'><em>.</em></span> <span class='ocrx_word' id='word_1_230' title='bbox 982 3181 985 3190; x_wconf 47' lang='grc' dir='ltr'>ι</span> 
     </span>
     <span class='ocr_line' id='line_1_36' title="bbox 222 3217 1029 3298; baseline 0.01 -24"><span class='ocrx_word' id='word_1_231' title='bbox 222 3217 300 3290; x_wconf 80' lang='lat' dir='ltr'>Quid</span> <span class='ocrx_word' id='word_1_232' title='bbox 315 3218 422 3278; x_wconf 81' lang='lat' dir='ltr'>faciam</span> <span class='ocrx_word' id='word_1_233' title='bbox 438 3219 563 3279; x_wconf 70' lang='lat' dir='ltr'>infelix?</span> <span class='ocrx_word' id='word_1_234' title='bbox 584 3223 713 3296; x_wconf 82' lang='lat' dir='ltr'>gemitus</span> <span class='ocrx_word' id='word_1_235' title='bbox 728 3224 818 3283; x_wconf 90' lang='lat' dir='ltr'>dolor</span> <span class='ocrx_word' id='word_1_236' title='bbox 832 3224 924 3283; x_wconf 88' lang='lat' dir='ltr'>edere</span> <span class='ocrx_word' id='word_1_237' title='bbox 940 3223 1029 3298; x_wconf 79' lang='lat' dir='ltr'>cogit,</span> 
     </span>
     <span class='ocr_line' id='line_1_37' title="bbox 263 3299 956 3382; baseline 0.009 -23"><span class='ocrx_word' id='word_1_238' title='bbox 263 3299 325 3360; x_wconf 89' lang='lat' dir='ltr'>Sed</span> <span class='ocrx_word' id='word_1_239' title='bbox 340 3301 429 3362; x_wconf 90' lang='lat' dir='ltr'>timor</span> <span class='ocrx_word' id='word_1_240' title='bbox 442 3311 472 3362; x_wconf 89' lang='lat' dir='ltr'>ct</span> <span class='ocrx_word' id='word_1_241' title='bbox 486 3303 587 3366; x_wconf 88' lang='lat' dir='ltr'>nutrix</span> <span class='ocrx_word' id='word_1_242' title='bbox 602 3313 632 3364; x_wconf 90' lang='lat' dir='ltr'>et</span> <span class='ocrx_word' id='word_1_243' title='bbox 646 3307 748 3380; x_wconf 87' lang='lat' dir='ltr'>pudor</span> <span class='ocrx_word' id='word_1_244' title='bbox 762 3308 830 3382; x_wconf 91' lang='lat' dir='ltr'>ipse</span> <span class='ocrx_word' id='word_1_245' title='bbox 845 3313 956 3366; x_wconf 88' lang='lat' dir='ltr'>velant.</span> 
     </span>
     <span class='ocr_line' id='line_1_38' title="bbox 222 3383 978 3466; baseline 0.011 -24"><span class='ocrx_word' id='word_1_246' title='bbox 222 3383 367 3446; x_wconf 87' lang='lat' dir='ltr'>Contineo</span> <span class='ocrx_word' id='word_1_247' title='bbox 383 3388 512 3460; x_wconf 80' lang='lat' dir='ltr'>gemitus</span> <span class='ocrx_word' id='word_1_248' title='bbox 527 3389 695 3464; x_wconf 89' lang='lat' dir='ltr'>elapsaque</span> <span class='ocrx_word' id='word_1_249' title='bbox 709 3390 802 3450; x_wconf 90' lang='lat' dir='ltr'>verba</span> <span class='ocrx_word' id='word_1_250' title='bbox 816 3391 978 3466; x_wconf 83' lang='lat' dir='ltr'>reprendo,</span> 
     </span>
     <span class='ocr_line' id='line_1_39' title="bbox 253 3457 933 3548; baseline 0.006 -22"><span class='ocrx_word' id='word_1_251' title='bbox 253 3467 298 3534; x_wconf 66' lang='lat' dir='ltr'>,lu</span> <span class='ocrx_word' id='word_1_252' title='bbox 312 3483 407 3542; x_wconf 81' lang='lat' dir='ltr'>cogor</span> <span class='ocrx_word' id='word_1_253' title='bbox 420 3471 561 3531; x_wconf 86' lang='lat' dir='ltr'>lacrimas</span> <span class='ocrx_word' id='word_1_254' title='bbox 577 3457 741 3532; x_wconf 73' lang='lat' dir='ltr'>conbibere</span> <span class='ocrx_word' id='word_1_255' title='bbox 756 3474 824 3548; x_wconf 88' lang='lat' dir='ltr'>ipsa</span> <span class='ocrx_word' id='word_1_256' title='bbox 839 3489 933 3534; x_wconf 89' lang='lat' dir='ltr'>meas.</span> 
     </span>
    </p>
   </div>
   <div class='ocr_carea' id='block_1_3' title="bbox 0 0 1248 4006">
    <p class='ocr_par' dir='ltr' id='par_1_3' title="bbox 0 0 1248 4006">
     <span class='ocr_line' id='line_1_40' title="bbox 0 0 1248 4006; baseline 0 1"><span class='ocrx_word' id='word_1_257' title='bbox 0 0 1248 4006; x_wconf 95' lang='lat' dir='ltr'> </span> 
     </span>
    </p>
   </div>
  </div>
 </body>
</html>
