2488 4006
147 243 210 308 130
521 240 794 300 EPISTULAH.

175 405 182 418 ⁸
230 395 386 467 Multaque
400 407 439 450 ne
455 391 589 462 videam,
614 407 705 450 uersa
720 393 839 452 cervice
853 395 1022 452 recumbas

275 477 336 536 Sed
354 490 484 534 revocas
502 477 609 534 oculos
626 477 764 549 protinus
780 476 849 550 ipsa
865 492 961 536 ineos.

232 560 309 634 Quid
325 559 448 630 laetam,
471 559 585 617 dubito.
608 559 697 616 dolor
714 567 761 617 est
779 575 865 618 meus
883 561 933 618 illa
950 561 1064 636 videre,

274 643 335 702 Sed
353 643 442 702 dolor
455 642 566 701 alacie
580 640 678 700 maior
692 642 804 701 abesse
817 650 877 702 tua.

166 736 218 789 235
231 727 297 801 Qua
313 727 385 784 ticet
399 732 429 784 et
445 725 588 799 possum,
611 727 709 800 luctor
723 726 823 785 celare
838 727 981 786 furorem.

255 799 260 812 ⁵
272 809 336 869 Sed
350 816 450 867 tamea
464 816 594 882 apparet
609 808 818 868 dissimulatus
835 825 931 874 amor.

159 928 161 932 ,
228 893 291 952 Nec
308 892 361 952 tibi
377 891 473 950 verba
487 893 606 951 damus.
629 891 725 951 sentis
740 908 809 950 mea
824 895 969 968 vulnera·
987 894 1093 954 sentis.

271 977 373 1050 Atque
388 977 501 1034 utinam
517 975 576 1034 soli
592 975 652 1032 sint
666 991 703 1034 ea
719 983 793 1040 nota,
804 976 872 1035 tibi!

228 1061 272 1120 A!
295 1059 436 1134 quotiens
451 1059 582 1118 lacrimis
596 1058 788 1118 venientibus
803 1077 856 1119 ora
872 1059 988 1134 reflexi,
1042 1099 1044 1104 -

165 1152 219 1205 240
271 1143 316 1202 Ne
332 1157 456 1202 causam
471 1141 562 1202 iletus
579 1149 739 1216 quaereret
751 1143 801 1203 ille
816 1145 885 1203 mei.

230 1227 272 1284 A!
295 1226 436 1300 quotiens
452 1227 583 1299 aliquem
599 1227 719 1284 narravi
736 1234 829 1300 potus
844 1232 988 1302 amorem,

271 1311 320 1370 Ad
338 1311 439 1370 vultus
456 1310 594 1370 reterens
610 1310 730 1384 singula
745 1309 839 1370 verba
854 1318 933 1384 tuos,

229 1393 440 1467 Indiciumque
456 1392 513 1452 mei
524 1393 601 1458 ,licto
617 1394 674 1452 sub
690 1394 813 1454 nomine
831 1395 903 1453 leci:

271 1477 325 1536 lile
339 1493 412 1550 ego,
437 1477 463 1535 si
478 1475 594 1548 nescis⁷
618 1493 709 1536 verus
725 1484 842 1537 amator
856 1494 948 1537 eram.

155 1568 217 1632 ,245
229 1561 305 1634 Quin
322 1561 428 1633 etiam,
449 1567 482 1619 ut
497 1575 622 1634 possem
640 1559 744 1620 verbis
760 1563 943 1636 petulantius
958 1562 1009 1634 uti,

270 1644 336 1704 Non
354 1645 449 1703 semel
465 1643 597 1704 ebrietas
614 1651 661 1703 est
675 1643 815 1704 simulata
830 1645 912 1704 mihi.
959 1654 963 1660 “

228 1727 352 1788 Prodita
369 1733 458 1786 sunt..
478 1727 618 1785 memini..
634 1728 737 1788 tunica
748 1735 801 1788 tua
818 1737 943 1806 pectora
960 1731 1038 1802 laxa,

270 1812 374 1885 Atque
390 1811 486 1870 oculis
502 1811 616 1870 aditum
632 1812 716 1872 nuda
735 1812 849 1872 dedere
864 1814 950 1886 mele,

227 1893 354 1953 Pectora
375 1896 423 1953 vel
440 1893 526 1968 puris
542 1895 676 1965 nivibus
699 1897 749 1954 vel
766 1896 844 1954 lacte
859 1903 1001 1970 tuamque

165 1987 218 2039 250
272 1978 438 2052 Complexo
454 1984 578 2036 matrem
596 1978 776 2038 candidiora
792 1979 876 2040 Iove.

229 2061 307 2120 Dum
323 2068 432 2136 stupeo
449 2062 555 2120 visis...
570 2078 640 2120 nam
656 2063 767 2137 pocula
783 2064 860 2122 torte
875 2063 1046 2124 tenebam...

271 2145 390 2204 Tortilis
406 2163 423 2204 a
439 2145 540 2219 digitis
556 2146 670 2205 excidit
686 2163 763 2206 ansa
776 2147 863 2206 meis,

230 2226 343 2288 Oscula
357 2229 384 2286 si
400 2235 489 2286 natae
503 2229 650 2300 dederas
674 2246 732 2304 ego
750 2229 886 2304 protinus
902 2231 952 2296 illa

269 2312 449 2372 Hermiones
464 2320 569 2371 tenero
584 2315 681 2372 laetus
697 2313 735 2372 ab
754 2330 808 2374 ore
825 2315 889 2372 tuli.
914 2384 916 2388 ¹

164 2404 215 2457 255
227 2395 264 2453 Et
279 2396 370 2456 modo
387 2395 544 2454 cantabam
564 2404 683 2456 veteres
701 2397 864 2472 resupinus
879 2406 1033 2457 amorest·

269 2478 307 2537 Et
321 2479 413 2538 modo
430 2494 486 2552 per
501 2486 606 2538 nutum
621 2480 709 2554 signa
723 2481 854 2554 tegenda
869 2481 990 2540 dabam.

227 2561 266 2620 Et
282 2561 422 2620 comitum
438 2561 567 2636 primas,
592 2564 758 2641 Clymenen
773 2563 995 2638 Aethramque,
1017 2572 1139 2623 tuarum

268 2647 373 2704 Ausus
389 2661 456 2704 sum
471 2645 593 2706 blandis
608 2657 707 2721 nuper
722 2646 807 2706 adire
822 2648 923 2707 sonis:

228 2727 312 2800 Quae
326 2729 398 2786 mihi
413 2745 474 2788 non
491 2730 589 2801 aliud,
614 2732 704 2804 quam
719 2731 900 2804 formidare,
924 2731 1053 2806 locutae,

71 2834 75 2844 ·
162 2820 215 2874 260
269 2811 388 2871 Orantis
406 2813 523 2871 medias
540 2815 707 2874 deseruere
721 2828 840 2888 preces.
947 2840 949 2845 ¹

227 2894 264 2953 Di
284 2895 433 2966 lacerent,
457 2897 585 2970 pretium
601 2897 702 2971 magni
717 2898 889 2958 certaminis
905 2903 1002 2970 esses,

268 2977 373 3051 Teque
388 2993 444 3036 suo
462 2987 568 3053 posset
582 2983 681 3040 victor
694 2980 809 3048 habere
824 2989 906 3042 toro:

226 3063 265 3121 Ut
283 3062 349 3120 tulit
362 3062 572 3136 Hippomenes
589 3063 784 3125 Schoeneida
800 3066 935 3141 praemia
949 3080 1068 3138 cursus,

268 3145 360 3204 Venit
374 3153 407 3204 ut
422 3147 451 3204 in
466 3147 617 3224 Phrygios
632 3148 838 3226 Hippodamia
853 3149 948 3222 sinus,

162 3236 214 3291 265
226 3228 266 3286 Ut
281 3228 364 3288 larus
380 3229 506 3290 Alcides
521 3231 670 3291 Acheloia
684 3247 799 3292 cornua
816 3232 912 3305 fregit,

268 3309 344 3371 'Dum
362 3315 435 3386 petit
450 3315 624 3393 amplexus,
647 3316 803 3388 Deianira,
826 3322 907 3374 tuos.

226 3394 336 3453 Nostra
351 3409 408 3470 ‘per
423 3397 479 3456 has
495 3399 578 3472 leges
595 3398 724 3456 audacia
742 3399 857 3457 sortiter
874 3399 958 3471 isset,

210 3483 214 3490 '
267 3477 370 3551 Teque
387 3479 444 3536 mei
460 3481 557 3540 scires
572 3497 644 3540 esse
661 3481 774 3542 laboris
792 3499 881 3556 opus.
933 3490 937 3537 ξ
