2488 4006
277 243 355 306 xvr.
378 243 494 320 [XVll.]
517 242 736 332 1161111116
758 245 849 307 66-
864 245 934 308 155.
1055 246 1113 314 lul

223 394 419 471 ‘Tyndaridis
435 394 559 454 coniux’
575 395 661 452 tertia
677 394 753 455 dixit
767 397 876 456 ‘eris’l

180 477 310 537 Credere
325 477 376 536 vix
392 478 534 551 equidem
549 477 693 536 coelestio
708 494 838 553 corpora
856 497 982 555 possum

116 568 167 620 116
218 560 351 620 Arbitrio
371 562 498 619 sormam
513 559 718 634 subposuisse
732 568 793 620 tuo.

179 643 334 718 thue-sit
347 643 408 704 hoc
422 659 543 714 verum,
568 649 650 702 certe
664 659 736 716 pars
755 645 848 704 altera
866 646 937 706 fieta
953 654 1008 720 est,

78 725 81 732 '
220 726 327 786 Iudicii
342 726 471 800 pretium
488 741 549 800 qua
563 726 634 786 data
647 725 735 785 dicor
750 741 820 801 ego.

179 809 245 870 Non
261 816 309 868 est
321 817 405 869 lanta
419 809 490 867 mihi
506 809 618 868 fiducia
635 811 791 883 corporis,
812 817 846 869 ut
862 826 911 870 me

221 892 355 951 Maxima
369 899 447 952 teste
462 892 520 951 dea
539 893 621 952 dona
636 892 734 952 luisse
750 899 861 968 putem.

115 983 165 1036 115
179 975 326 1037 Contenta
341 982 389 1034 est
403 975 500 1034 oculis
515 974 669 1034 hominum
683 991 751 1034 mea
766 976 862 1035 iorrnd
877 976 1010 1050 probari.

219 1058 385 1138 Laudatrix
400 1059 506 1117 Venus
521 1064 568 1116 est
581 1056 734 1116 invidiosa
749 1059 832 1116 mihi.
947 1058 949 1061 ’

179 1139 241 1199 Sed
256 1140 329 1198 nihil
343 1139 473 1198 infirmo.
497 1141 586 1198 laveo
604 1155 728 1212 quoque
742 1139 884 1200 laudibus
898 1142 980 1200 istis:

219 1222 294 1280 Nam
309 1237 377 1280 mea
391 1236 454 1282 vox
469 1237 578 1296 quare,
603 1222 687 1294 quod
703 1223 800 1296 cupit,
821 1237 893 1281 esse
908 1231 1019 1299 neget?

178 1305 240 1364 Neo
254 1313 287 1365 tu
303 1319 466 1379 suscense,
488 1304 614 1363 nimium
631 1304 702 1362 mihi
721 1305 854 1365 creditus
870 1320 971 1380 aegre

118 1397 169 1450 130
221 1389 321 1448 Tarda
335 1390 413 1448 solet
426 1386 546 1460 magnis
560 1387 653 1446 rebus
668 1387 772 1447 inesse
786 1388 876 1448 fides.

177 1471 277 1532 Prima
291 1487 361 1533 inea
377 1478 425 1531 est
438 1472 529 1546 igitur
541 1466 655 1530 Veneri
672 1471 828 1544 placuisse
841 1473 1000 1548 voluptase

219 1555 376 1626 Proxima,
401 1570 447 1612 me
464 1554 561 1612 visam
577 1554 712 1628 praemia
727 1569 844 1614 sunnna
859 1554 921 1627 tibi,

176 1637 240 1696 Nec
254 1645 282 1697 te
295 1637 463 1708 Palladios,
485 1651 542 1694 nec
557 1642 586 1694 16
601 1637 725 1696 lunonis
741 1636 875 1698 honores

219 1721 341 1780 Auditis
355 1720 491 1778 Helenae
507 1719 726 1792 praeposuisse
742 1719 842 1778 bonis.

115 1811 167 1864 135
177 1802 257 1876 Ergo
273 1818 331 1876 ego
348 1801 541 1873 sumuirtus,
560 1817 621 1874 ego
638 1818 706 1878 sum
723 1802 777 1862 tibi
794 1802 896 1862 nobile
910 1810 1057 1878 regnum?

126 1913 127 1918 1
218 1885 330 1944 Ferrea
344 1886 417 1958 sim,
441 1885 467 1944 si
483 1901 544 1944 non
558 1885 619 1944 hoc
632 1900 691 1959 ego
708 1891 815 1960 peetus
832 1901 940 1944 amem.

177 1968 303 2040 Ferrea,
327 1969 419 2029 crede
433 1968 520 2038 mihi,
544 1984 606 2028 non
623 1983 700 2028 sum.
724 1968 781 2028 sed
799 1984 900 2028 amare
914 1983 1053 2044 repugno

218 2053 319 2123 Illum,
341 2067 432 2126 quern
447 2051 513 2110 lieri
528 2051 581 2109 vix
595 2058 667 2124 puto
684 2066 781 2126 posse
795 2067 906 2111 meum.

178 2134 254 2208 Quid
270 2134 406 2194 bibulum
421 2150 516 2194 curvo
532 2135 731 2208 proscindere
745 2135 816 2195 litus
831 2142 940 2214 aratro,

115 2226 167 2281 146
220 2216 375 2292 Spemque
390 2218 479 2292 sequi
494 2232 602 2288 coner,
627 2234 719 2291 quarn
734 2219 821 2276 loeus
836 2218 904 2293 ipse
918 2224 1030 2292 negati
1065 2281 1068 2286 ,

179 2301 249 2360 Sunr
264 2301 350 2360 rudis
366 2300 552 2360 adveneris
568 2301 694 2374 lurtum,
718 2301 860 2374 nulloque
875 2300 1027 2360 fidelem...

219 2385 255 2445 Di
269 2384 341 2444 mihi
360 2390 431 2442 sunt
446 2390 573 2443 testes...
589 2383 717 2443 lusimus
733 2390 798 2442 arte
813 2384 920 2442 virunr.

177 2466 263 2526 Nunc
279 2482 417 2541 quoque,
439 2466 523 2542 quod
537 2465 629 2526 tacito
643 2467 756 2525 mando
773 2482 841 2524 mec
856 2467 951 2525 verba
965 2465 1076 2537 libello,

219 2549 364 2624 Fungitur
380 2551 482 2610 6111616
500 2549 598 2609 littera
612 2555 718 2610 nostra
733 2565 825 2610 novo.

115 2641 165 2694 145
177 2632 310 2706 11611666,
335 2634 445 2708 quibus
459 2649 535 2692 usus
551 2632 652 2692 adest!
676 2647 733 2706 ego
748 2634 858 2710 nescia,
868 2647 967 2700 rerum

220 2717 381 2776 Difficilem
397 2718 505 2790 eulpae
520 2715 664 2790 suspicor
678 2731 749 2775 esse
763 2715 854 2774 viam.

72 2847 79 2857 .
177 2800 249 2875 lpse
263 2800 344 2858 malo
359 2807 456 2858 metus
471 2806 528 2858 est.
550 2799 610 2857 iarn
624 2815 703 2858 nunc
719 2799 904 2871 confundor,
926 2804 955 2856 et
969 2813 1077 2858 omnes

220 2883 252 2940 ln
268 2883 382 2942 nostris
397 2883 503 2963 oculos
520 2881 652 2941 vultibus
667 2897 738 2941 esse
752 2898 832 2940 reor.

177 2965 239 3024 Nec
254 2981 325 3024 reor
341 2966 400 3024 hoo
417 2966 507 3025 leisc.
530 2967 617 3031 sensi
631 2967 709 3024 mala
725 2981 877 3024 murmura
893 2964 984 3037 vulgi,
1016 3005 1019 3012 .

114 3057 166 3108 150
200 3111 204 3118 ,
217 3047 254 3105 Et
269 3049 417 3122 quasdam
433 3045 769 3110 vocesretlulitAethra
783 3049 865 3107 milri.

179 3133 218 3189 nt
234 3138 267 3188 tu
282 3131 456 3203 dissimula,
479 3131 538 3190 nisi
556 3131 583 3190 si
598 3131 748 3190 desistere
763 3132 869 3190 mavia.

221 3211 283 3272 Sed
299 3231 352 3274 cur
366 3215 522 3274 desistas?
543 3214 735 3273 dissimulare
752 3222 849 3288 potes.

177 3296 278 3366 Lude,
301 3297 357 3357 sed
373 3299 501 3356 occulte.
525 3297 634 3369 maior,
658 3313 717 3362 non
734 3298 879 3366 maximo,
903 3295 992 3368 nobis

219 3378 274 3438 Est
290 3380 361 3439 data
374 3379 513 3452 liberla5‚
537 3380 621 3453 quod
635 3379 791 3438 Menelaus
808 3379 903 3436 abest.

112 3461 229 3523 1551116
245 3462 368 3536 quidem
382 3463 489 3536 procul
504 3468 566 3528 est.
588 3462 629 3520 ila
642 3477 675 3520 ra
690 3466 832 3534 cogente,
855 3459 1024 3534 profectost
