2472 4010
218 726 261 818 Ρ.
292 723 436 840 (ΜΝ
466 719 668 820 NlSthlS
698 705 908 820 AMORUM

381 911 523 976 uruuu
548 911 733 976 remus.

411 1095 592 1139 EPIGRAMMA
610 1095 713 1139 IPSIUS.

31 1237 32 1240 κ
139 1196 194 1271 Qui
207 1197 300 1258 modo
315 1195 447 1257 Nasonis
463 1197 617 1256 fueramus
634 1196 769 1270 quinque
783 1193 891 1268 libelli,

31 1285 33 1354 ᾗ
177 1281 252 1342 Tres
269 1297 385 1342 sumus.
419 1279 479 1341 hoe
494 1279 535 1340 illi
550 1279 690 1354 praetulit
704 1285 810 1338 auctor
825 1295 914 1354 opus

31 1361 32 1410 ἓ
137 1364 176 1450 tlt
189 1365 249 1424 iam
264 1365 348 1424 nulla
364 1363 417 1422 tibi
432 1379 490 1421 nos
505 1363 544 1422 sit
558 1363 671 1436 legisse
686 1363 843 1438 voluptas,

31 1469 32 1508 2
180 1449 221 1507 At
234 1447 333 1507 levior
348 1445 479 1520 demptis
494 1461 596 1520 poena
610 1445 730 1506 duobus
746 1446 809 1506 erit.

83 1613 103 1706 1
137 1617 235 1710 Arma
249 1650 336 1724 gravi
351 1665 476 1708 numero
492 1651 690 1724 violentaque
703 1651 784 1710 bella
800 1651 944 1726 parabam
970 1673 974 1691 r

175 1733 292 1804 Edere,
315 1733 440 1792 materia
455 1735 658 1794 conveniente
671 1735 786 1794 modii:

33 1885 34 1888 Ἴ
134 1816 193 1876 Par
208 1823 274 1876 erat
288 1815 414 1874 inferior
427 1831 546 1880 versus.
577 1817 686 1876 risisse
702 1818 820 1891 Cupido

177 1899 294 1959 Dicitur
307 1907 399 1974 atque
414 1916 507 1958 unum
523 1900 710 1976 surripuisse
725 1901 845 1974 pedem.

36 1996 37 2012 ¹
107 1983 224 2057 5‘Quis
240 1983 309 2056 tibi,
332 1999 427 2042 saeve
441 1999 533 2058 puer,
559 1985 642 2044 dedit
656 1985 715 2045 hoc
730 1985 760 2043 in
776 1985 910 2044 carmina
923 1985 1020 2044 iuris?

177 2067 328 2126 Pieridum
343 2070 446 2141 vateS,
469 2084 531 2126 non
547 2075 598 2127 tua
612 2069 699 2128 turba
714 2083 828 2127 sumus.

136 2149 230 2223 Quid,
254 2151 281 2208 si
297 2150 461 2224 praeripiat
475 2149 576 2210 flavae
590 2153 696 2210 Venus
712 2167 795 2210 arma
810 2150 981 2223 Minervae,

176 2226 310 2292 Ventilet
324 2248 473 2292 accensas
487 2229 570 2293 flava
584 2235 722 2294 Minerva
736 2233 841 2292 laceat

135 2315 208 2388 Quis
224 2318 333 2392 probet
348 2317 378 2375 in
393 2317 482 2376 silvis
497 2318 637 2378 Cererem
652 2331 781 2391 regnare
795 2314 928 2390 luguen,

93 2407 127 2458 10
180 2399 262 2474 Lege
277 2400 469 2475 pharetratae
482 2401 609 2475 uirginis
625 2417 700 2462 arva
714 2401 794 2459 ooli?
882 2457 886 2464 ,

135 2483 275 2544 Crinibus
290 2485 440 2558 insignem
456 2485 525 2559 quis
541 2492 629 2544 acuta
644 2484 771 2558 cuspide
785 2482 941 2543 Phoebum

178 2567 325 2640 instruat,
346 2567 477 2628 Aoniam
491 2569 587 2628 Marte
602 2575 743 2628 movente
758 2569 877 2644 lyram?

136 2649 215 2709 Sunt
228 2651 282 2710 tibi
298 2667 421 2726 magna,
445 2667 537 2725 puer,
561 2652 748 2725 nimiumque
763 2650 898 2724 potentia
913 2663 1022 2724 regna:

123 2747 126 2752 ·
179 2734 333 2808 europus
349 2735 501 2808 adfectas,
524 2734 698 2809 ambitiose,
721 2741 856 2793 novum?
1053 2771 1059 2778 -

83 2825 117 2876 15
129 2816 194 2890 An,
220 2818 304 2892 quod
319 2819 447 2892 ubique,
468 2826 573 2878 tuumt
594 2827 646 2879 tua
660 2825 730 2878 sunt
744 2816 905 2876 Heliconia
917 2817 1049 2890 Tempe,

140 2897 144 2908 ¹
177 2901 239 2960 Vix
254 2899 344 2970 etiam
358 2898 481 2960 Phoebo
497 2903 556 2962 iam
571 2904 638 2978 lyra
653 2909 716 2962 tute
731 2916 788 2962 sua
803 2907 921 2962 esti...

137 2983 210 3044 Cum
227 2984 306 3045 bene
323 2985 455 3046 surrexit
468 3001 562 3045 versu
577 3001 658 3046 nova
674 2985 785 3061 pagina
800 2985 916 3059 primo,

178 3069 322 3128 Attenuat
335 3085 449 3130 nervos
466 3071 623 3144 proximus
640 3069 690 3129 ille
705 3085 801 3129 meos.
860 3083 863 3088 ·

137 3149 200 3208 Nee
214 3152 286 3210 milri
300 3152 426 3215 materia
442 3162 490 3213 est
502 3154 637 3214 numeris
652 3153 818 3214 levioribus
833 3160 921 3228 apta,

85 3241 123 3292 20
179 3236 240 3294 Aut
256 3252 344 3310 puer,
368 3244 419 3298 aut
434 3237 542 3312 longas
557 3245 680 3312 compta
693 3239 797 3313 puella
811 3242 938 3297 comas.'

33 3315 35 3374 ζ
136 3315 270 3390 Questus
286 3337 378 3380 eram.
405 3321 549 3396 pharetra
564 3338 631 3381 cum
644 3323 782 3396 protinus
797 3320 847 3378 ille
863 3324 962 3380 soluta

175 3401 263 3476 Legit
276 3403 305 3462 in
320 3405 444 3464 exitium
463 3406 581 3480 spicula
595 3407 675 3465 laetu
689 3420 807 3476 meum,

131 3483 327 3626 Lunlavitque
343 3504 425 3564 genn
440 3489 599 3550 sinuosum
615 3489 731 3548 fortiter
745 3499 864 3560 arcum,

86 3581 173 3625 ovm.
212 3611 219 3627 .
899 3575 913 3628 ¹
