2488 4006
142 302 194 361 111.
211 303 312 364 nats.
335 302 447 365 104-
462 302 534 366 154.
566 304 630 362 1111.
648 301 835 389 emanat
859 300 992 363 1--aa
1045 297 1087 363 to

195 454 330 515 Sustinet
343 455 404 514 hoc
419 455 537 514 animae
553 470 626 528 spes
643 460 741 514 tamen
758 452 892 514 unctui:

152 538 260 611 Quasi
278 539 442 612 destituor,
463 546 599 612 repetam
617 539 789 613 fratresque
803 538 981 613 virumque.

193 623 255 681 Nee
271 621 323 681 tibi
338 623 531 696 magnilicum
546 623 658 682 lomina
673 623 759 680 iussa
773 621 858 680 mori.

84 712 137 766 145
151 705 325 786 Curkautem
340 705 468 765 iubeas?
490 703 600 765 Stricto
615 714 685 780 pete
699 719 832 780 corpora
847 705 944 764 ferro:

193 789 249 849 Est
262 788 351 860 mihi,
373 789 425 864 qui
442 789 529 850 fosso
545 795 670 864 pectore
685 788 810 863 sanguis
827 795 884 848 eat.

149 871 200 932 Me
216 880 298 946 petat
313 874 363 932 ille
378 881 464 947 tuus,
488 873 557 946 qui,
578 873 604 932 si
621 873 681 932 dea
696 887 791 948 passa
805 870 924 946 luisset,

192 956 284 1016 Ensis
300 956 329 1015 in
343 956 470 1016 Atridae
487 964 594 1030 pectus
609 957 705 1016 iturus
721 963 795 1015 crat.

151 1039 192 1097 A!
215 1039 317 1114 potius
326 1055 439 1099 serves
456 1047 606 1112 nostram,
628 1047 680 1100 tua
694 1055 834 1112 manera,
859 1039 961 1099 vitam.

83 1129 138 1183 150
191 1122 279 1195 Quod
295 1123 425 1181 dederas
441 1122 522 1182 hosti
536 1124 648 1196 victor,
671 1123 769 1180 amica
782 1137 869 1195 rogo.

149 1203 280 1274 Perdere
296 1221 374 1279 quos
389 1205 497 1265 melius
513 1206 634 1280 possis,
656 1204 808 1279 Neptunia
824 1205 971 1278 praebent

191 1288 347 1362 Pergama.
370 1290 525 1348 materiam
541 1288 647 1348 caedis
662 1287 700 1346 ab
717 1288 807 1346 hoste
821 1295 900 1362 pete.

148 1371 198 1429 Me
214 1372 322 1446 modo,
343 1373 409 1432 sive
426 1389 517 1448 paras
533 1373 687 1447 impellere
701 1371 816 1444 remige
832 1373 974 1443 classem,

193 1454 265 1529 Sive
279 1473 401 1530 manes,
424 1457 539 1517 domini
552 1456 617 1517 iure
630 1455 735 1516 venire
752 1454 833 1516 iube.

537 1669 601 1730 llll.

151 1751 237 1859 (lua,
260 1785 318 1846 nisi
335 1792 364 1845 tu
380 1785 519 1858 dederis,
543 1787 674 1848 caritura
689 1799 737 1850 est
751 1790 820 1864 ipsa
837 1792 944 1864 salute,

189 1871 276 1931 Mittit
291 1870 459 1930 Amazonio
476 1870 586 1944 Qressa
604 1873 795 1944 puellaviro.
913 1933 915 1938 .

149 1955 272 2028 Perlege
288 1955 504 2027 quodcumque
519 1961 575 2013 est.
610 1954 688 2028 Quid
702 1957 833 2032 epistola
847 1957 926 2016 lecta
940 1956 1085 2016 nocebit?

189 2041 231 2098 Te
248 2051 371 2111 quoque
387 2037 415 2094 in
431 2037 490 2096 liae
504 2038 620 2112 aliquid
636 2041 720 2114 quod
735 2041 833 2113 iuvet,
853 2055 924 2100 esse
940 2047 1051 2115 potest.

119 2121 201 2182 5His
218 2135 329 2180 arcana
344 2120 424 2180 notis
438 2128 520 2180 terra
535 2123 708 2200 pelagoque
726 2125 870 2185 teruntur.

189 2204 314 2279 Inspicit
329 2210 473 2278 acceptas
488 2202 586 2265 hostis
602 2205 640 2266 ab
657 2207 746 2282 hoste
761 2214 862 2268 notas.

146 2287 204 2348 Ter
219 2298 318 2350 tecum
334 2297 444 2348 conata
459 2288 544 2362 loqui
560 2296 605 2348 ter
619 2290 731 2350 inutilis
747 2291 848 2362 haesit
944 2289 948 2294 ’

188 2373 319 2446 Lingua,
342 2379 388 2431 ter
402 2372 430 2430 ln
447 2373 545 2446 primo
561 2372 676 2434 destitit
690 2390 744 2435 ore
759 2391 865 2435 sonas.

147 2455 214 2528 Qua
227 2457 297 2516 licet
311 2463 341 2515 ct
354 2456 505 2530 sequitur,
529 2457 630 2530 pudor
644 2464 692 2518 est
706 2458 883 2518 miscendus
898 2457 1006 2518 amori.
1118 2487 1136 2516 -.
1238 2523 1239 2530 ¹

102 2547 137 2598 10
191 2539 300 2600 Dicere
317 2554 396 2614 quae
410 2539 530 2614 puduit,
554 2539 690 2600 scribere
704 2541 794 2602 iussit
808 2557 903 2602 amor.

146 2621 302 2697 Quidquid
315 2625 411 2682 Amor
425 2623 527 2696 iussit,
549 2631 675 2684 nonest
691 2633 885 2686 contemnere
902 2632 1015 2684 tutum:

187 2707 307 2780 Regnat
321 2713 350 2765 et
365 2709 393 2765 in
411 2706 552 2767 dominos
569 2706 617 2768 ius
632 2706 792 2770 habetille
807 2709 895 2768 deos.

144 2789 198 2849 ille
214 2791 287 2850 milri
304 2789 401 2866 primo
416 2790 563 2850 dubitanti
578 2792 715 2850 scribere
730 2791 807 2853 dixit

189 2873 325 2934 ‘Scribat
348 2874 433 2934 dabit
448 2873 544 2934 victas
563 2874 681 2934 terreus
697 2874 748 2936 ille
763 2879 894 2934 manus?

102 2965 135 3017 15
146 2956 259 3028 Adsit„
275 2963 305 3016 et
318 2963 352 3018 ut
366 2965 488 3018 nostras
503 2957 595 3018 avido
611 2958 695 3020 lovel
707 2959 780 3032 igne
793 2958 954 3034 medullas,

183 3041 270 3116 Figat
285 3040 329 3100 sic
345 3041 464 3100 animos
480 3041 511 3100 in
526 3056 595 3101 mea
610 3049 682 3102 vota
698 3050 779 3102 tuos.

142 3124 209 3184 Non
225 3140 282 3198 ego
294 3125 432 3199 nequitia
447 3124 575 3184 socialia
589 3124 716 3186 foedera
728 3141 877 3201 rumpant.

183 3208 298 3268 Fanra..
314 3210 405 3268 velim
421 3223 574 3283 quaeras..
591 3208 716 3268 erimine
733 3217 839 3270 nostra
853 3220 952 3268 vacat.

141 3291 234 3351 Venit
249 3307 335 3366 amor
351 3293 491 3367 gravius,
513 3308 574 3367 quo
593 3292 702 3352 serius.
725 3292 840 3352 urimur
855 3291 951 3350 intus=
994 3345 997 3355 .

96 3383 133 3436 20
186 3376 323 3451 Urimur,
346 3385 376 3436 et
390 3391 515 3436 caecum
531 3383 658 3451 pectora
672 3376 784 3435 vulnus
797 3373 920 3434 habent.

142 3458 265 3520 Scilicet
278 3467 314 3520 ut
329 3467 451 3520 teneros
468 3459 592 3521 laedunt
607 3460 678 3532 iuga
693 3458 790 3533 prima
804 3458 965 3530 iuvencos,

165 3602 169 3609 ,
183 3543 344 3618 Frenaque
358 3543 413 3603 vix
428 3543 539 3618 patitur
554 3542 593 3602 de
607 3557 701 3616 grege
717 3547 825 3616 captus
841 3555 950 3613 equus,
