2472 4010
488 245 492 253 ι
571 207 769 308 Altonum

268 365 304 422 Et
321 363 377 431 trie
391 363 517 436 vipereo
535 361 662 420 fecimus
681 376 736 421 ora
749 363 827 422 cani.
859 396 861 400 ν

120 439 121 448 ’
223 448 363 509 Fecimus
377 444 566 504 Enceladum
582 444 857 504 iaculantem‘mille
874 446 1009 520 lacertis,

266 529 437 603 Ambiguae
454 537 562 604 captos
577 529 702 603 virginis
720 543 773 588 ore
790 529 887 588 viros:

184 667 190 676 .
225 614 352 674 Aeolios
369 612 480 674 ithacio
496 611 673 672 inclusimus
689 611 807 672 utribus
826 627 946 673 euros:-

182 707 218 762 30
269 696 411 756 Proditor
426 697 456 755 io
472 696 574 755 medio
588 695 732 756 Tantalus
754 709 843 754 amne
858 695 929 756 silit.

223 782 269 840 De
285 780 382 840 Niobe
396 779 528 851 silicem,
551 779 590 837 de
605 778 724 852 virgine
740 776 868 840 fecimus
882 794 999 840 ursam:
1037 846 1041 853 ἱ
1135 804 1146 814 -

269 864 407 923 Concinit
424 862 590 936 Odrysium
606 862 751 936 Cecropis
767 862 833 922 ales
848 865 925 940 Ityn.

223 947 359 1023 luppiter
374 953 426 1006 aut
441 947 471 1004 in
487 961 579 1018 aves,
602 954 654 1006 aut
669 961 704 1006 se
720 947 917 1006 transformat
933 947 962 1006 in
980 962 1104 1016 aurum,

266 1032 327 1090 Aut
344 1039 430 1090 secat
447 1029 579 1104 inposita
595 1029 712 1104 virgine
727 1037 834 1092 munis
852 1045 959 1106 aquas.

181 1124 215 1177 35
226 1114 340 1174 Protea.
350 1112 423 1186 quid
438 1113 583 1186 referam,
605 1113 812 1187 Thebanaque
827 1115 944 1174 semina
961 1113 1087 1187 dentes,

266 1198 322 1271 oui
336 1203 497 1257 vomerent
511 1195 651 1258 flammas
666 1210 737 1270 ore,
760 1197 857 1260 fuisse
875 1197 988 1269 boves,

224 1280 312 1342 Flere
326 1281 414 1356 genis
429 1283 541 1341 electra
554 1287 639 1352 tuas,
662 1281 784 1355 auriga,
806 1297 947 1355 sorores,

267 1365 413 1438 Quaeque
427 1373 509 1424 rates
525 1363 651 1433 fuerint,
675 1379 757 1423 nunc
773 1367 865 1425 maris
884 1380 955 1426 esse
970 1364 1060 1438 deas,

178 1511 181 1518 Δ
222 1449 437 1522 Aversumque
452 1449 532 1509 diem
550 1446 665 1506 mensis
682 1446 840 1508 furialibus
854 1449 955 1520 Atrei,

181 1541 217 1594 40
267 1525 411 1606 Duraque
427 1544 604 1606 percussum
623 1546 700 1592 saxa
715 1538 822 1592 secuta
839 1533 957 1610 lyram?

223 1614 293 1674 Exit
307 1616 337 1673 in
352 1616 523 1674 inmensum
539 1614 671 1674 fecunda
685 1613 807 1675 licentia
822 1625 940 1690 vatum,

267 1698 387 1772 Obligat
402 1697 549 1758 historica
563 1713 621 1757 nec
636 1713 692 1756 sua
706 1700 802 1758 verba
818 1700 889 1760 fide.

222 1782 259 1843 Et
276 1797 343 1840 mea
358 1782 505 1842 debuerat
519 1781 598 1841 falso
613 1782 736 1854 laudata
751 1783 848 1842 videri

264 1865 398 1925 Femina.
429 1864 592 1924 credulitas
609 1881 690 1924 nune
707 1865 780 1925 mihi
796 1875 899 1928 vestra
914 1875 1018 1928 nocet!

140 1997 194 2089 13
223 1997 304 2092 Cum
315 2031 392 2089 *mihi
406 2031 562 2106 pomiferis
580 2033 809 2092 coniunxforet
826 2040 892 2094 orta
907 2032 1049 2106 Faliscis,

264 2115 385 2179 Moenia
403 2115 583 2190 contigimus
601 2118 693 2190 victa,
718 2117 855 2190 camille,
877 2117 940 2176 tibi.

223 2198 313 2258 Casta
328 2199 506 2260 sacerdotes
522 2199 631 2260 lunoni
647 2200 725 2260 fe'sla
741 2199 891 2274 parabant

262 2281 320 2342 Per
333 2281 470 2342 celebres
486 2283 576 2343 ludos
594 2284 829 2358 indigenamque
843 2285 964 2344 bovem.

169 2435 174 2442 ,
192 2365 342 2426 oGrande
356 2380 461 2425 morae
476 2367 605 2440 pretium
620 2368 694 2426 ritus
712 2382 915 2442 cognoscere,
941 2367 1083 2443 quamvis

263 2448 505 2508 Difficilis-clivis
523 2449 582 2510 huc
598 2451 648 2509 via
663 2450 791 2525 praebet
805 2452 870 2511 iter.

221 2531 287 2590 Stat
302 2539 391 2592 vetus
407 2533 550 2595 et‘deusa
564 2533 761 2608 praenubilus
776 2535 886 2595 arbore
899 2537 1001 2596 lucus=

261 2616 392 2690 Aspice,
417 2618 571 2677 concedas
587 2635 699 2678 numen
714 2619 818 2678 inesse
834 2621 914 2683 loco.

218 2699 340 2773 Accipit
354 2715 408 2758 ara
424 2715 532 2774 preces
548 2703 716 2774 votivaque
732 2711 798 2762 tura
815 2704 948 2777 piorum,

179 2793 212 2844 10
264 2785 327 2842 Ara
343 2799 398 2858 per
412 2785 553 2859 antiquas
570 2785 650 2844 faeta
666 2785 733 2846 sine
749 2794 812 2845 arte
828 2803 944 2846 uranus.
968 2829 970 2833 -

218 2866 296 2924 Hinc
311 2866 362 2924 ubl
377 2870 554 2940 praesonuit
572 2871 712 2928 sollemni
727 2869 800 2930 tibia
814 2878 919 2941 cantu,

261 2949 286 3009 ll
301 2966 356 3025 per
372 2953 487 3010 velatas
502 2968 604 3012 annua
619 2969 733 3027 pompa
746 2954 826 3014 vias.

219 3034 376 3092 Ducuntur
390 3035 501 3094 niveae
517 3039 631 3110 populo
650 3038 814 3110 plaudente
829 3037 994 3112 iuvencae,

263 3117 344 3192 Quas
361 3116 434 3177 aluit
449 3120 564 3194 campis
580 3119 675 3180 herba
689 3119 809 3181 Falisca
824 3122 903 3196 suis,

177 3209 210 3262 15
221 3199 259 3259 Et
271 3200 355 3258 vituli
373 3200 508 3260 nondum
525 3205 687 3263 metuenda
702 3205 801 3265 fronte
817 3207 968 3280 minaceS,

259 3283 297 3342 Et
312 3284 410 3346 minor
424 3301 463 3344 ex
479 3285 584 3345 humili
599 3287 723 3348 victima
737 3305 852 3364 porcus
869 3290 960 3361 hara,

216 3367 347 3440 Duxque
363 3369 464 3445 gregis
481 3385 576 3430 cornu
589 3385 645 3445 per
661 3379 799 3446 tempora
815 3373 891 3432 dura
906 3389 1049 3434 recurvo.

258 3450 362 3510 Invisa
379 3459 426 3510 est
440 3451 581 3514 dominae
597 3455 665 3512 sola
681 3452 798 3530 capella
815 3457 901 3524 deae.
973 3529 976 3534 ,
