2472 4010
436 207 708 329 unae-79.
767 341 769 347 Α

186 406 316 467 Sordide
332 405 372 464 de
384 405 478 465 'niveo
494 419 625 479 corpore
640 408 742 482 pulvis
759 407 844 466 abit..

144 491 206 550 Sed
221 491 281 563 iam
296 503 413 564 pompa
425 490 517 547 venit.
546 489 657 564 linguis
674 491 845 565 animisque
861 491 974 551 lavate!

184 575 317 648 Tempus
333 573 423 632 adest
437 573 576 646 plausus.
605 589 697 632 aurea
712 589 826 648 pompa
840 575 932 635 venit.

101 667 136 720 45
147 657 245 716 Prima
258 660 327 716 loco
343 656 441 714 ienur
452 657 555 730 passis
569 656 706 716 Victoria
720 657 837 732 pinnis=

186 742 253 799 Huc
267 740 343 800 ades
360 745 389 798 et
403 753 489 798 meus
504 739 554 798 hic
568 739 631 812 lac,
655 740 728 811 dea,
751 741 852 800 vincat
866 756 960 801 amor.

142 823 280 883 Plaudite
294 823 450 897 Neptuno,
471 824 594 890 nimium
610 825 662 898 qui
678 825 801 884 creditis
817 824 918 883 undis.

186 907 232 965 Nil
247 907 319 965 mihi
335 923 404 966 cum
420 907 541 982 pelago.
570 921 620 965 me
634 923 702 966 mea
719 913 800 966 terra
815 908 904 982 capit.

142 990 258 1050 Plaude
271 997 324 1050 tuo
339 990 441 1062 Marti,
464 990 563 1049 miles.
593 1005 651 1049 nos
667 991 788 1050 odimus
804 1007 902 1050 emtas

99 1084 136 1136 5ο
188 1073 251 1131 Pax
265 1073 363 1142 iuvat,
387 1079 417 1132 et
433 1073 534 1131 media
549 1074 626 1146 pace
640 1080 779 1147 repertus
795 1087 888 1132 amor.

87 1181 90 1184 ·
143 1155 317 1230 Auguribus
332 1154 489 1226 Phoebus,
510 1155 634 1214 Phoebe
649 1156 830 1216 venantibus
846 1155 935 1216 adsit.

185 1238 328 1298 Artifices
343 1239 372 1296 in
388 1243 418 1296 te
434 1245 532 1311 verte,
555 1237 707 1310 Minerva,
732 1255 850 1298 manus.

142 1323 305 1384 Ruricolae
322 1321 423 1382 cereri
437 1317 605 1395 teneroque
620 1321 776 1396 adsurgite
790 1322 923 1382 Baccho.

184 1407 339 1466 Pollucem
355 1405 490 1481 pugiles,
513 1403 640 1466 Castora
655 1406 755 1480 placet
769 1421 874 1481 eques.

99 1500 133 1552 55
145 1489 210 1548 Nos
224 1489 294 1560 tibi,
314 1490 429 1548 blanda
442 1490 564 1562 Venus,
591 1491 758 1565 puerisque
772 1490 946 1566 potentibus
964 1505 1036 1550 arcu

179 1572 371 1632 'Plaudimus
401 1573 531 1648 inceptis
551 1574 666 1646 adnue,
689 1575 775 1646 diva,
798 1575 889 1634 meis:

143 1659 251 1731 Daque
266 1671 368 1721 novae
382 1661 514 1715 mentem
530 1656 686 1730 dominae,
712 1659 842 1732 patiatur
856 1657 959 1718 amari.

185 1740 314 1813 Annuit,
338 1747 369 1798 et
382 1747 467 1799 motu
481 1739 570 1814 signa
585 1741 723 1800 secunda
738 1743 835 1801 dedit!
896 1747 913 1758 ⁴

144 1823 232 1898 Quod
248 1825 306 1883 dea
320 1824 474 1898 promisit,
497 1824 656 1898 promittas
672 1825 753 1900 ipsa,
776 1841 937 1900 rogamus·

101 1918 138 1971 60
188 1906 267 1966 Pace
280 1909 392 1982 loquar-
405 1907 553 1979 Veneris,
575 1906 682 1966 iudea
701 1910 797 1970 maior
812 1911 884 1968 eris.

143 1991 201 2050 Per
215 1991 268 2050 tibi
283 1997 328 2050 tot
342 1989 409 2050 iuro
423 1996 518 2050 testes
533 2007 742 2066 pompamque
757 1994 899 2066 deorum,

187 2074 229 2133 Te
245 2075 397 2134 dominam
413 2075 503 2134 nobis
518 2081 638 2150 tempus
654 2074 684 2133 in
700 2091 790 2136 omne
805 2077 898 2150 peti...

146 2157 208 2217 Sed
225 2158 359 2232 pendent
372 2157 426 2217 tibi
441 2173 538 2218 crura.
567 2165 671 2234 potes,
695 2159 721 2218 si
737 2161 815 2220 forte
829 2158 956 2229 iuvabit,

189 2241 467 2316 Cancellis‘primos
483 2242 652 2302 inseruisse
667 2243 796 2317 pedes...

100 2331 136 2388 65
147 2325 280 2384 Maxima
295 2325 356 2384 iarn
371 2339 469 2385 vacuo
485 2332 609 2400 praetor
622 2329 798 2400 spectacula
814 2327 899 2386 Circo

187 2407 391 2483 Quadriiugos
407 2425 507 2484 aequo
523 2423 645 2468 carcere
660 2411 741 2468 misit
757 2427 864 2485 epiros,

146 2493 200 2552 Cui
217 2493 357 2567 studeas,
377 2494 479 2553 video.
508 2494 624 2565 vincet,
649 2494 829 2570 cuicumque
843 2491 970 2552 favebis,
993 2535 994 2540 η

188 2575 272 2648 Quid·
282 2577 402 2652 cupias,
425 2577 485 2650 ipsi
501 2577 581 2636 seire
597 2578 736 2637 videntur
749 2578 830 2652 equi.

142 2659 193 2718 Me
208 2660 368 2720 miserum!
391 2667 499 2719 metam
516 2661 654 2736 spatioso
671 2661 874 2721 circuit‘orbe.

100 2749 136 2803 70
191 2742 269 2815 Quid
286 2743 404 2803 iacisl..
427 2745 552 2804 admoto
567 2759 737 2824 proxumus
752 2759 811 2802 axe
827 2742 917 2803 subit.
972 2779 975 2784 ,

145 2824 222 2899 Quid
238 2827 330 2900 lacis,
354 2827 480 2886 infelix?
501 2828 605 2902 perdis
620 2827 703 2887 bona
716 2834 789 2887 vota
806 2827 939 2902 puellae:

65 2983 68 2988 ,
187 2908 307 2984 Tende,
331 2923 456 2985 precor,
480 2911 582 2974 valida
596 2911 662 2970 lora
677 2913 800 2971 sinistra
814 2913 933 2970 manut'

144 2990 287 3053 Favimus
304 2995 425 3068 ignavo.
456 2993 518 3054 Sed
534 2996 614 3054 enim
629 3002 787 3066 revocate,
811 2993 956 3068 Quirites,

186 3077 223 3137 Et
237 3077 306 3136 date
321 3079 440 3138 iactatis
455 3078 591 3153 undique
605 3079 693 3152 signa
706 3079 797 3153 togis.

119 3159 208 3232 eEn,
231 3172 407 3222 revocant...
436 3164 491 3236 At,
509 3177 548 3221 ne
562 3163 663 3222 turbet
676 3168 748 3237 toga
762 3169 845 3222 mota
860 3162 1004 3236 capillos,

186 3245 220 3302 ln
235 3253 359 3305 nostros
376 3247 474 3306 abdas
488 3253 520 3306 te
535 3245 605 3305 licet
617 3261 717 3322 usque
732 3247 851 3305 sinus...

144 3328 270 3403 lamque
286 3337 391 3404 patent
404 3330 513 3390 iterum
527 3338 665 3390 reserato
682 3344 805 3388 earcere
821 3336 943 3404 postes:

186 3412 298 3472 Evolat
313 3413 458 3473 admissis
474 3414 609 3474 discolor
624 3428 732 3493 agmen
747 3412 845 3486 equis.

142 3495 232 3556 Nunc
250 3497 357 3556 saltem
372 3511 499 3574 supera,
524 3499 687 3574 spatioque
700 3498 825 3568 insurge
842 3494 968 3568 patenti=
