2472 4010
388 223 801 334 limacem-iesa-
865 275 867 280 -
1003 237 1085 300 »41

150 391 193 450 Tu
209 403 333 466 quoque
347 403 411 458 me,
435 402 503 445 mea
518 389 584 460 lux,
599 388 638 447 ‘in
656 387 808 462 quaslibet
821 387 928 463 accipe
943 389 1043 464 leges=

191 473 234 532 Te
249 474 358 533 deceat
373 469 475 529 medio
490 471 557 529 iura
576 471 702 530 dedisse
718 479 796 530 toro.

109 567 141 621 lt
153 559 219 618 Non
233 555 287 615 tibi
302 555 416 614 crimen
432 569 502 628 ero,
527 569 583 612 nec
600 569 661 630 quo
677 555 790 614 lactere
804 563 933 616 remoto.

192 640 259 699 Non
274 635 395 698 erithic
410 637 499 697 nobis
516 637 691 698 infitiandus
707 650 801 696 amor.

151 723 227 784 Sunt
239 723 311 781 mihi
332 737 387 798 pro
404 731 513 789 macno
530 721 630 781 leticia
646 721 779 780 carmina
794 736 904 796 censu,

191 807 229 866 Et
242 807 355 865 multae
371 819 426 880 per
439 819 488 863 me
504 816 614 864 nomen
630 805 745 864 habere
760 806 875 865 volunt.

152 890 230 950 Novi
246 889 395 962 aliquam,
418 903 499 962 quae
514 903 548 948 se
565 888 757 948 circumierat
770 903 841 949 esse
857 890 1024 949 Corinnam.

106 982 143 1035 30
197 973 317 1044 Utllat,
340 971 413 1044 quid
429 985 489 1030 non
507 972 557 1030 iila
573 971 701 1031 dedisse
714 971 808 1030 veliis
840 983 842 988 ·

152 1055 214 1115 Sed
230 1069 330 1127 neque
346 1054 459 1112 diversi
473 1054 542 1128 ripa
556 1053 698 1113 labuntur
712 1055 821 1114 eadem

192 1137 332 1211 Frigidus
347 1137 477 1195 Eurotas
494 1135 839 1211 populiferquepadus,

151 1221 228 1292 Nec,
251 1219 310 1279 nisi
325 1225 371 1292 tu,
395 1218 512 1278 nostris'
527 1219 696 1279 cantabitur
709 1220 770 1276 ulia
785 1219 909 1279 libellis:

192 1303 316 1378 Ingenio
333 1317 445 1362 causas
459 1309 492 1362 tu
507 1302 595 1362 dahis
610 1319 672 1361 una
686 1315 766 1360 meo.
842 1320 843 1331 ¹

69 1436 121 1531 18
154 1434 292 1529 Carmen
308 1467 348 1527 ad
362 1469 470 1528 iratum
487 1468 560 1528 dum
574 1474 606 1526 tu
621 1467 765 1542 perducis
779 1467 933 1541 Achillen,

194 1553 355 1626 Primaque
370 1552 474 1611 iuratis
490 1551 592 1610 induis
608 1567 692 1610 arma
706 1552 796 1623 virio,
831 1604 832 1608 ,

41 1689 44 1695 .
152 1637 231 1710 Nos,
250 1635 368 1707 Macer,
391 1635 503 1708 ignava
515 1635 645 1694 Veneris
662 1651 820 1694 cessamus
836 1634 865 1692 in
881 1635 1003 1707 umbra,
1031 1694 1035 1702 ,

194 1720 232 1779 Et
245 1713 332 1777 tener
345 1712 622 1791 ausuros·grandie
637 1718 748 1791 irangit
762 1719 868 1776 Amor.
964 1772 967 1776 .
991 1711 993 1718 '

122 1803 252 1879 sSaepe
267 1815 354 1868 meae
369 1801 517 1860 ‘tandem’
534 1801 596 1859 dixi
613 1800 767 1859 ‘discede’
787 1801 920 1876 puellae:

194 1887 227 1944 iu
242 1885 356 1960 gremio
373 1884 452 1944 sedit
468 1882 604 1959 protinus
618 1884 670 1942 illa
683 1899 764 1943 meo.

153 1969 254 2043 Saepe
269 1968 387 2042 ‘pudet’
404 1967 476 2026 dixi.
506 1967 639 2026 lacrimis
653 1967 707 2026 vix
721 1968 774 2026 illa
789 1967 912 2026 retentis

194 2052 255 2111 ‘Me
270 2051 427 2122 miseram,
449 2049 569 2108 iam'te’
586 2051 662 2110 dixit
681 2054 798 2109 ‘amare
813 2051 944 2126 pudctl’
987 2079 993 2090 =

151 2135 362 2209 implicuitque
378 2149 453 2193 suos
469 2134 581 2207 circum
597 2149 665 2192 mea
680 2135 758 2193 colia
774 2136 919 2206 lacertos

107 2228 143 2280 10
196 2218 246 2289 Et,
269 2232 350 2292 quac
365 2231 414 2275 me
429 2217 575 2291 perdunt,
598 2217 705 2276 oscula
718 2219 798 2276 mille
815 2217 906 2276 dedit.
995 2237 998 2243 ·

149 2302 281 2373 Vincor,
302 2307 332 2360 et
348 2300 502 2375 ingenium
518 2302 647 2375 sumptis
663 2308 824 2359 revocatur
838 2301 875 2359 ab
892 2301 994 2372 armis

195 2385 320 2457 Resque
335 2385 417 2443 domi
436 2389 539 2457 gestas
556 2384 589 2442 el
599 2399 667 2442 mea
681 2381 761 2443 bella
776 2398 863 2443 cano.

152 2467 282 2541 Sceptra
296 2473 397 2527 tamen
412 2467 546 2542 sumpsi,
570 2479 705 2541 curaque
717 2467 877 2541 ‚tragoedia
892 2477 998 2530 nostra

162 2565 163 2568 ¹
195 2550 310 2620 Crevit,
332 2558 362 2610 et
375 2551 445 2610 huic
461 2553 547 2624 operi
565 2551 730 2625 quamlibet
745 2556 833 2624 aptus
850 2566 942 2610 eram.

107 2643 141 2694 15
154 2634 234 2693 Risit
248 2634 344 2694 Amor
358 2635 531 2709 pallamque
546 2650 644 2694 meam
659 2635 822 2708 pictosque
837 2635 1002 2694 cothurnos

193 2715 386 2792 Sceptraque
400 2719 518 2792 privata
533 2725 595 2778 tam
610 2719 669 2776 cito
686 2724 808 2791 sumpta
823 2733 923 2776 manu.

150 2801 228 2860 Hinc
245 2816 370 2876 quoque
385 2817 432 2860 me
448 2801 590 2860 dominae
608 2817 717 2860 numen
734 2800 861 2859 deduxit
875 2801 1012 2875 iniquae:

194 2885 303 2959 Deque
318 2885 496 2945 cothurnato
512 2892 583 2944 vate
597 2883 761 2959 triumphat
775 2885 880 2944 Amor.

152 2967 239 3040 Quod
255 2968 339 3039 licet,
363 2974 414 3028 aut
428 2975 509 3028 artes
525 2969 621 3028 teneri
636 2968 814 3042 profitemur
827 2967 999 3040 Amoris‚...

105 3057 143 3110 20
196 3050 231 3108 Ei
249 3051 336 3120 mihi,
359 3053 534 3126 praeceptis
548 3051 744 3126 urgeoripse
756 3051 884 3115 meist...

150 3135 213 3192 Aut
228 3134 311 3208 quod
322 3134 491 3209 Penelopes
505 3135 610 3194 verbis
624 3136 770 3194 reddatur
785 3135 881 3206 Ulixi,

195 3215 361 3276 Scribimus
377 3225 407 3277 ct
421 3217 578 3290 lacrimas,
599 3217 698 3295 Phylli
713 3218 831 3289 relicta,
854 3225 937 3276 tuas:

152 3297 241 3370 Quod
256 3300 340 3360 Paris
355 3309 384 3360 et
397 3301 558 3360 Macareus
573 3308 604 3361 et
619 3303 702 3374 quod
718 3301 796 3359 male
811 3307 915 3372 gratus
931 3299 1000 3357 iaso

193 3383 414 3460 Hippolytique
429 3401 540 3458 parens
555 3385 806 3461 Hippolytusque
823 3384 948 3455 legant,¹
1050 3439 1051 3442 ,

100 3474 138 3526 25
153 3464 307 3542 Quodque
321 3476 429 3529 tenens
444 3469 580 3528 strictum
596 3468 675 3527 Dido
691 3463 995 3525 miserabilisensem
