2488 4006
318 225 408 284 vnn.
431 223 664 309 111111111οΑ
685 221 862 288 31-110.
1044 224 1106 288 103

130 385 164 442 75
174 378 240 438 Non
250 377 351 457 lugia,
371 375 495 448 Alcide,
516 375 766 436 victricem-mille
782 376 919 436 laborum

126 467 128 472 ’
212 459 368 522 Rasilibus
384 459 511 520 calathis
527 460 705 534 inposuisse
719 476 850 531 manum,

172 544 346 618 Crassaque
359 542 487 604 robusto
503 543 630 602 deducis
648 544 759 618 pollice
773 544 833 616 fila,

183 631 186 638 '
214 629 388 701 Aequaque
406 627 560 686 formosae
576 642 675 701 pensa
688 627 833 702 rependis
850 634 942 686 erae?

172 712 215 770 At
239 710 396 784 quotiens,
421 710 523 784 digitis
538 710 610 768 dum
624 717 750 784 torques
767 710 896 770 stamina
911 711 1004 783 duris,

129 803 165 857 80
217 793 415 854 Praevalidae
432 793 519 854 lusos
535 795 740 854 comminuere
754 809 873 854 manus

129 878 313 940 -Crcdcris
327 877 437 950 infelix
450 881 579 938 scoticae
594 878 783 950 tremefactus
798 879 928 938 habenis.

214 963 294 1020 Ante
307 961 406 1034 pedes
422 960 565 1020 dominae
581 961 775 1035 pertimuisse
790 962 898 1021 minas.
1067 993 1107 1004 -

128 1043 299 1104 —Exa'mia's
307 1047 427 1118 pompis
436 1047 603 1119 praeconia
616 1061 730 1104 sommo
747 1046 891 1119 triumpha·

213 1127 367 1198 Factaque
383 1126 531 1186 narrabas
546 1126 767 1186 dissimulanda
781 1127 849 1186 tibia

127 1219 164 1275 85
176 1210 299 1270 Scilicet
312 1208 450 1276 inmanes
466 1210 560 1268 elisos
577 1208 716 1268 lancibus
733 1209 851 1286 hydros

213 1293 361 1351 infantem
377 1292 484 1351 caudis
503 1293 675 1352 involuisse
688 1308 826 1352 manum:

171 1377 211 1436 Ut
221 1375 378 1450 Tegeaeus
394 1391 469 1449 aper
483 1377 690 1450 cupressifero
706 1375 893 1451 Erymantho
935 1381 939 1388 '

118 1507 120 1514 .
214 1458 355 1528 Incubet,
378 1465 408 1518 et
422 1466 510 1518 vasto
527 1459 664 1534 pondere
680 1460 772 1521 laedit
784 1459 917 1520 humum.

171 1543 239 1602 Non
254 1542 306 1600 tibi
320 1541 467 1601 Threiciis
482 1543 587 1602 adfixa
602 1543 762 1618 penatibus
780 1559 842 1617 ora,
994 1616 998 1626 ι

126 1634 163 1688 00
215 1626 283 1685 Non
297 1624 454 1684 hominum
469 1627 599 1700 pingues
615 1627 711 1707 caede
724 1623 861 1686 tacentur
877 1643 989 1702 equae·

171 1707 408 1782 Prodigiumque
422 1708 547 1782 triplex,
570 1708 698 1768 armenti
712 1709 800 1770 dives
815 1711 919 1770 Hiberi

215 1792 391 1868 Geryones,
415 1791 556 1866 quamvis
571 1791 603 1850 in
617 1791 714 1851 tribus
730 1809 809 1852 unus
825 1802 903 1854 erat:

171 1877 267 1950 Inque
283 1889 375 1933 canes
391 1874 517 1935 totidem
532 1880 638 1934 trunco
654 1874 791 1948 digestus
808 1875 845 1935 ab
861 1893 923 1936 uno

57 2012 61 2020 .
213 1958 364 2017 Cerberos
380 1957 532 2032 implicitis
547 1959 793 2032 angueminaute
808 1960 919 2020 comis:
1021 2022 1026 2032 ,

127 2051 164 2106 95
176 2042 321 2116 Quaeque
336 2041 529 2101 redundabat
544 2041 675 2102 secundo
690 2044 817 2102 vulnere
832 2057 961 2118 serpens

206 2125 333 2184 ‘Fertilis
350 2132 379 2184 et
394 2125 513 2186 damnis
530 2125 617 2185 dives
631 2124 670 2188 ab
685 2126 755 2200 ipsa
770 2126 843 2199 sule,

173 2209 290 2283 Quique
304 2209 382 2267 inter
396 2208 579 2283 laevumque
593 2210 673 2268 latus
689 2210 869 2282 laevumque
883 2211 1029 2272 lacertum

212 2287 383 2366 Praegrave
398 2307 569 2366 conpressa
584 2294 671 2351 louce
686 2293 833 2367 pependit
849 2309 942 2352 onus:

170 2375 208 2434 Et
221 2376 300 2435 male
314 2375 466 2435 conlisum
481 2375 611 2450 pedibus
629 2376 787 2451 ianuaque
801 2375 960 2436 bimembri

105 2469 159 2521 100
211 2459 335 2522 Pulsum
349 2457 534 2518 Thessalicis
550 2473 659 2532 agmen
675 2467 818 2534 equestre
832 2460 921 2534 iugis.

170 2543 255 2602 Haec
269 2549 301 2601 tu
316 2541 443 2603 Sidonio
459 2549 547 2616 potes
563 2541 724 2616 insignitus
740 2544 851 2604 amictu

211 2625 343 2684 Diceret
367 2643 429 2687 non
445 2627 525 2686 cultu
541 2626 643 2700 lingua
655 2633 772 2686 retenta
787 2627 876 2687 silete

55 2707 57 2710 ’
171 2708 212 2768 Se
228 2725 353 2783 quoque
368 2709 504 2785 nympha
518 2710 577 2770 tuis
593 2711 716 2770 ornavit
725 2710 862 2770 Iardanis
878 2710 980 2778 armis,
1062 2785 1064 2789 Ι

211 2791 250 2852 Et
264 2793 331 2854 tulit
345 2808 362 2851 e
377 2801 466 2868 capto
483 2802 555 2854 nota
568 2800 696 2869 tropaea
712 2793 786 2852 viro.
817 2817 818 2820 ¹

107 2876 182 2937 1051
197 2892 292 2950 nunc,
316 2877 388 2936 tolle
404 2877 522 2938 animos
538 2885 567 2937 et
582 2877 671 2936 lortia
684 2883 773 2950 gesta
786 2889 922 2936 recense.

131 2965 133 2968 ’
213 2958 302 3032 Quod
315 2966 348 3019 tu
362 2976 423 3020 non
440 2975 529 3020 esses
546 2959 625 3033 iure,
649 2959 696 3018 vir
711 2961 762 3019 illa
777 2961 840 3020 luit.

69 3105 73 3111 ,
171 3042 236 3115 Qua
249 3049 333 3103 tanto
347 3045 446 3104 minor
461 3060 510 3118 es,
534 3051 647 3120 quanto
662 3051 705 3117 te,
727 3044 858 3104 maxime
873 3059 982 3115 rerum,

213 3125 307 3198 Quam
324 3143 403 3200 quos
418 3128 533 3201 vicisti,
557 3130 679 3186 vincere
693 3127 792 3186 maius
807 3134 881 3187 erat.

169 3208 214 3267 lili
231 3209 369 3284 procedit
383 3226 483 3291 rerum
501 3226 645 3271 mensura
660 3218 795 3271 tuarum:

106 3302 158 3353 110
211 3291 293 3351 Cede
307 3292 408 3353 bonis
431 3293 522 3354 heres
537 3295 636 3354 laudis
652 3295 749 3354 amica
763 3303 842 3352 tuae.

171 3373 194 3433 0
209 3375 325 3449 pudor!
347 3376 456 3437 hirsuti
472 3386 575 3438 costas
591 3384 680 3437 exuta
695 3379 792 3436 leonis

211 3461 333 3539 Aspera
346 3465 486 3524 texerunt
499 3462 614 3520 vellera
627 3461 718 3520 molle
733 3461 821 3519 latus
