2498 4008
120 252 183 316 190
392 295 396 300 .
482 245 622 306 ARTIS
647 239 839 305 notan

162 413 197 466 5ο
249 399 378 459 Nescius
393 397 471 458 haec
485 399 598 458 umeris
615 412 698 455 arma
714 403 818 472 parata
835 398 910 458 suis.

206 485 260 545 Cui
275 490 362 558 pater
376 482 449 542 ‘his’
465 481 562 556 inquit
578 473 688 554 ‘patria
703 487 750 539 cst
764 481 907 540 adeunda
922 481 1045 554 carinis,

246 568 312 625 Hac
326 564 416 626 nobis
431 565 532 624 Minos
547 562 740 637 effugiendus
757 579 826 638 ope.

205 651 287 709 Aera
302 664 363 708 non
379 649 477 724 potuit
490 647 605 720 Minos,
628 647 687 705 alia
702 647 803 707 omnia
818 648 935 706 clausit.

247 733 342 805 Quem
357 732 441 804 licet,
465 730 596 789 inventis
612 732 684 788 a'e'ra
698 746 806 805 rumpe
819 731 907 790 meis.

161 825 196 878 55
209 816 271 876 Sed
288 814 340 874 tibi
355 815 518 887 nonvirgo
533 813 672 887 Tegeaea
689 825 854 886 comesque
869 815 987 873 Bootae

245 898 375 972 Ensiger
391 897 483 956 Orion
501 897 699 971 aspiciendus
715 896 784 954 crit:

202 982 253 1041 ille
270 981 371 1055 pinnis
387 989 506 1040 sectare
522 980 610 1038 datis.
634 995 691 1052 ego
707 981 850 1053 praevius
866 980 933 1039 ibo:

247 1064 292 1124 Sit
306 1072 357 1124 tua
373 1079 445 1124 cura
461 1063 559 1136 sequi.
582 1077 631 1121 me
646 1063 724 1122 duee
738 1069 819 1122 tutus
836 1063 907 1123 eris.

203 1149 279 1207 Nam
294 1148 360 1206 sive
376 1147 525 1206 aetherias
540 1147 641 1206 vicino
658 1146 724 1205 sole
741 1162 796 1219 per
810 1163 902 1205 auras

162 1242 197 1296 ao
248 1230 377 1303 Ibimus,
398 1229 559 1304 impatiens
575 1245 646 1288 cera
662 1229 773 1288 caloris
788 1230 858 1289 erit:

205 1313 279 1373 Sive
292 1313 423 1373 humiles
439 1313 585 1386 propiore
601 1313 676 1372 ireto
693 1312 871 1372 iactabimus
886 1314 961 1386 alas,

244 1396 366 1456 Mobilis
383 1395 546 1471 aequoreis
562 1396 654 1470 pinna
671 1396 828 1455 madescet
841 1398 941 1470 aquis.

202 1481 458 1555 interutrumque
471 1479 552 1537 vola.
577 1486 684 1540 ventos
702 1495 840 1554 quoque,
865 1487 949 1552 nate,
973 1481 1087 1553 timeto,

247 1563 373 1638 Quaque
388 1563 486 1622 serent
501 1577 609 1636 aurae,
629 1562 699 1620 vela
715 1563 851 1622 secunda
867 1564 961 1624 dato?

44 1711 46 1718 ,
160 1657 194 1711 55
205 1646 282 1705 Dum
297 1654 414 1720 monet,
437 1652 522 1721 aptat
537 1661 615 1720 opus
632 1661 742 1720 puero,
763 1652 972 1722 monstratque
986 1647 1119 1722 moveri,

244 1729 349 1790 Erudit
364 1729 498 1788 infirmas
513 1737 547 1789 ut
563 1745 619 1788 sna
634 1738 729 1789 mater
743 1745 828 1789 aves.

202 1813 277 1872 lnde
292 1813 351 1873 sibi
365 1813 461 1872 lactas
476 1813 590 1872 umeris
607 1813 818 1873 accommodat
831 1814 906 1884 alas,

244 1895 363 1969 Perque
377 1912 492 1956 novum
506 1894 610 1955 timide
626 1911 757 1970 corpora
772 1896 860 1956 librat
873 1896 939 1956 iter.

202 1979 327 2052 lamque
341 1979 499 2039 volaturus
515 1993 611 2054 parvo
628 1978 711 2038 dedit
726 1981 832 2039 oscula
846 1986 928 2053 nato,

161 2069 195 2125 lo
247 2062 310 2121 Nec
324 2063 442 2136 patriae
456 2062 596 2122 lacrimas
613 2063 789 2123 continuere
804 2078 913 2136 genae.

199 2144 303 2204 Monte
318 2146 418 2205 minor
432 2144 533 2219 collis,
558 2145 674 2221 campis
689 2154 754 2206 erat
768 2147 857 2206 altior
875 2143 1001 2220 sequier

242 2228 320 2289 Hinc
336 2229 406 2288 data
421 2236 491 2289 sunt
503 2228 635 2289 miserae
651 2244 781 2305 corpora
795 2230 869 2289 bina
882 2230 983 2304 fugae.

201 2309 239 2370 Et
253 2318 363 2370 movet.
373 2312 441 2388 ipse
456 2328 544 2384 suas,
569 2317 600 2370 et
612 2313 673 2371 nati
688 2312 814 2387 respicit
828 2315 893 2372 alas

242 2393 411 2471 Daedalus,
433 2402 462 2454 et
478 2411 586 2455 cursus
603 2396 732 2455 sustinet
744 2411 845 2471 usquc
860 2411 943 2455 suos.

159 2483 193 2539 75
203 2477 329 2552 Iamque
343 2493 457 2537 novum
471 2479 602 2538 delectat
615 2478 685 2554 iter,
708 2479 873 2555 positoque
886 2479 996 2538 timore

242 2561 347 2619 icarus
365 2560 474 2622 audaci
491 2561 598 2622 lortius
613 2569 678 2621 arte
691 2565 784 2623 volat.

159 2649 194 2706 19
203 2644 267 2702 Iam
282 2642 391 2704 Samos
408 2660 426 2703 a
441 2646 565 2718 laeva,..
586 2646 706 2705 inerant
718 2646 886 2716 Naxosque
900 2641 1031 2704 relictae.

223 2767 225 2770 -
241 2726 279 2787 Et
291 2726 386 2788 Paros
402 2736 432 2788 51
447 2729 545 2788 clario
560 2729 655 2789 Delos
671 2736 771 2790 amata
786 2729 878 2787 deo...

199 2811 313 2870 Dextra
325 2809 504 2890 Lebynthos
519 2819 584 2872 crat
598 2813 747 2886 silvisque
761 2812 909 2872 umbrosa
924 2810 1074 2890 Calymne

243 2893 407 2969 Cinctaque
422 2896 556 2970 piscosis
570 2898 760 2972 Astypalaea
775 2895 875 2968 vadis,

201 2976 274 3036 Cum
289 2991 381 3051 puer,
401 2979 530 3039 incautis
545 2977 668 3038 nimium
682 2980 861 3040 temerarius
877 2979 976 3054 annis,

241 3060 341 3119 ,attins
358 3061 502 3136 agiliter,
524 3064 719 3138 deseruitque
733 3069 861 3139 patrem.

156 3149 190 3204 85
201 3141 310 3202 Vincla
325 3142 440 3219 labant,
464 3152 494 3205 et
508 3161 579 3209 cera
594 3146 652 3206 deo
669 3148 814 3222 propiore
829 3144 980 3220 liquescit,
1010 3217 1013 3225 Α

242 3225 305 3287 Nec
319 3233 427 3288 tenues
442 3235 551 3290 ventos
566 3230 691 3290 brachia
704 3237 785 3292 mota
799 3236 912 3289 tenent.
962 3289 968 3300 ,

199 3309 331 3370 Territus
349 3325 367 3369 a
382 3328 501 3373 summo
518 3314 661 3388 despexit
673 3313 703 3372 in
720 3329 855 3387 aequora
871 3315 972 3374 caelo:

242 3391 310 3451 Nox
326 3395 422 3454 oculis
439 3397 552 3471 pavido
567 3397 650 3455 venit
665 3397 772 3457 oborta
787 3404 878 3457 metu.

200 3469 371 3534 Tabuerant
386 3491 485 3538 cerae.
508 3479 609 3539 nudos
625 3480 721 3554 quatit
735 3480 784 3539 ille
799 3483 942 3554 lacertos
