2488 4006
135 255 197 318 lae
508 249 579 310 ΕΡ]
589 247 779 309 STULAE.

262 405 373 477 Magna
388 403 443 462 tuit
458 401 576 461 subitae
590 398 733 473 iustaque
750 415 845 458 eausa
861 399 962 456 viae...

221 491 284 546 Aut
296 487 372 545 mibi
385 485 430 544 sio
444 485 544 544 visum
559 492 617 542 est.
651 482 733 556 Ego,
754 481 989 542 cumdubitaret
1006 498 1044 540 an
1064 482 1131 555 iret,

265 571 373 643 ‘Quam
390 569 529 644 primum’
542 567 608 626 dixi
627 567 688 624 ‘iao
703 566 948 630 redituruseas!

221 653 328 712 Omine
343 654 471 711 laetatus
487 649 572 710 dedit
587 650 709 719 oscula,
731 651 807 708 ‘res’
825 663 885 722 que
900 647 1087 721 ‘domusque

158 745 209 799 100
260 736 298 795 Ε1
313 735 365 794 tibi
381 735 420 796 sit
435 750 526 794 curae
540 733 667 792 Troicus
682 731 811 804 hospes’
827 731 877 790 ait.

220 820 281 878 Vix
294 817 377 878 tenui
391 818 495 876 risum.
519 831 611 890 quem
626 815 699 874 dum
714 829 912 889 compescere
926 815 1032 887 laetor,

263 902 310 961 Nil
324 901 365 960 itti
382 900 467 974 potui
482 899 584 958 dioere
598 905 719 972 praeter
734 898 825 956 ‘erit’

222 985 301 1044 Vela
317 983 440 1058 quidem
456 982 561 1042 Creten
581 981 679 1040 ventis
694 981 779 1039 dedit
794 981 844 1039 itte
858 980 1018 1040 secundist

266 1066 329 1126 Sed
344 1073 376 1126 tu
392 1081 453 1126 non
468 1066 547 1125 adeo
563 1071 672 1124 cuneta
685 1064 778 1122 licere
792 1069 874 1138 puta.

162 1161 209 1216 ¹65
222 1149 373 1229 Sio'meus
389 1149 459 1208 hine
476 1150 522 1206 uir
536 1147 638 1219 abest,
660 1154 692 1206 ut
706 1163 754 1206 me
769 1147 920 1207 custodiat
934 1146 1057 1207 absens.

263 1236 312 1293 An
327 1233 430 1292 neseis
445 1233 554 1305 longas
570 1229 694 1304 regibus
709 1237 924 1290 assemanus?

221 1316 313 1376 Fama
329 1330 454 1390 quoque
470 1321 517 1374 est
532 1313 626 1373 oneri.
653 1329 723 1372 nam
739 1322 800 1388 quo
816 1315 1003 1373 coustantius
1019 1329 1072 1372 ore
1113 1355 1116 1360 ι

264 1400 439 1459 Laudamur
454 1404 571 1469 vestro,
594 1396 703 1457 iustius
717 1397 767 1478 iiie
781 1398 873 1458 timet

222 1482 306 1556 Quae
320 1483 418 1553 iuvat,
438 1487 472 1540 ut
485 1495 565 1540 nuno
579 1490 641 1552 est,
662 1479 770 1540 eadem
782 1479 855 1540 mihi
865 1479 962 1554 gioria
974 1481 1085 1539 damno
1100 1487 1158 1552 est,

160 1572 210 1628 170
261 1565 300 1623 Et
313 1564 421 1623 melius
437 1564 536 1622 famae
551 1562 646 1622 verba
663 1563 868 1624 dedissetuit.

221 1649 299 1720 Neo,
324 1647 407 1720 quod
422 1647 524 1718 abest,
547 1645 597 1704 bio
610 1662 659 1705 me
677 1653 775 1705 tecum
791 1647 900 1706 mirare
914 1647 1057 1707 relictam.

264 1729 401 1789 Moribus
417 1736 447 1788 et
462 1730 542 1788 vitae
558 1729 687 1788 credidit
702 1729 752 1788 ilie
767 1745 864 1789 meae.

221 1814 266 1873 De
282 1814 360 1872 taeie
376 1813 494 1886 metuit,
519 1813 598 1872 vitae
613 1813 748 1872 confidit.
772 1825 801 1872 et
816 1813 896 1873 illum

264 1895 411 1956 Securum
426 1895 579 1970 probitas,
603 1897 700 1955 torma
714 1896 820 1955 timere
835 1897 915 1956 fauit.

159 1986 209 2041 175
219 1980 369 2054 Tempora
385 1993 423 2038 ne
442 1986 568 2055 pereant
580 1980 659 2038 uitro
677 1980 763 2050 data,
787 1980 954 2055 praecipis,
978 1985 1071 2052 utque

264 2062 417 2136 Simplicis
433 2069 552 2122 utamm
567 2063 781 2122 commoditate
795 2064 863 2122 viri.

220 2146 258 2206 Et
270 2146 343 2206 libet
357 2152 388 2204 et
400 2145 502 2206 timeo.
529 2161 586 2204 neo
601 2146 702 2205 adhue
718 2153 826 2206 exacta
840 2147 982 2207 voluntas

173 2291 178 2300 ,
262 2229 318 2288 Est
332 2230 417 2288 satis.
439 2229 470 2287 in
486 2228 579 2289 dubio
594 2235 720 2304 pectora
735 2237 840 2289 nostra
853 2231 964 2290 labant.

220 2312 259 2372 Et
272 2313 318 2370 vir
332 2311 420 2392 abest
434 2311 539 2386 nobis,
563 2319 592 2371 et
605 2318 638 2371 tu
653 2313 719 2372 sine
738 2313 867 2387 coniuge
885 2313 1014 2371 dormis:

158 2403 209 2457 180
262 2395 357 2469 Inque
372 2395 470 2454 vinem
485 2402 536 2456 tua
550 2411 613 2467 me,
637 2402 666 2454 te
676 2411 750 2454 mea
764 2397 862 2455 torma
875 2397 970 2470 capit:

219 2478 258 2539 Et
272 2478 386 2557 longae·
397 2485 514 2538 noctes.
535 2485 565 2538 et
580 2479 639 2539 iam
654 2495 796 2539 sermone
811 2480 956 2539 comosa

225 2633 228 2640 ⁴
254 2561 300 2620 *Et
313 2569 378 2620 tu...
394 2576 443 2620 me
458 2563 601 2620 miseram
609 2569 637 2621 t..
658 2560 805 2640 blandus,
826 2571 856 2623 et
871 2579 930 2621 una
945 2562 1071 2622 domus:

122 2653 130 2663 ·
220 2643 258 2704 Et
274 2659 412 2718 peream,
436 2645 462 2703 si
477 2660 538 2704 non
553 2645 679 2704 invitant
694 2648 795 2705 omnia
810 2647 939 2719 eulpam.

262 2728 373 2787 Nescio
390 2743 450 2800 quo
467 2728 572 2788 tardor
586 2729 642 2787 sed
657 2737 757 2790 tamen
773 2731 842 2803 ipsa
857 2736 947 2788 metu.

158 2819 209 2872 185
221 2810 310 2884 Quod
324 2813 403 2870 male
418 2810 603 2886 persuades,
626 2813 739 2872 utinam
755 2813 833 2872 bane
849 2827 960 2885 eogere
975 2817 1109 2884 posses!

263 2894 302 2953 Vi
317 2910 384 2952 mea
398 2895 551 2954 rusticitas
567 2895 749 2955 excutienda
765 2896 828 2954 tuit.

219 2975 308 3036 Utilis
323 2976 473 3036 interdum
488 2985 535 3037 est
549 2977 626 3056 ipsis
641 2979 750 3037 iniuria
764 2977 882 3051 passis:

263 3057 314 3117 Sic
332 3068 414 3119 uerte
430 3060 502 3118 felix
517 3076 589 3119 esse
603 3070 710 3121 ooaota
721 3061 866 3120 iorem...

94 3161 99 3170 ·
136 3143 137 3148 ’
220 3143 297 3201 Dum
312 3159 411 3202 novus
427 3152 488 3215 est,
513 3143 613 3217 potius
630 3151 739 3218 coepto
757 3159 927 3218 pugnemus
944 3143 1055 3202 amori!

159 3233 209 3287 100
260 3223 284 3282 F
285 3225 294 3283 l
346 3241 395 3284 ma
409 3241 518 3285 reeens
534 3243 629 3301 parva
644 3241 755 3302 sparsa
768 3227 884 3287 resedit
898 3241 988 3300 aqua.

175 3375 177 3378 ,
221 3308 288 3368 cert
340 3309 370 3367 in
386 3309 559 3383 hospitibus
576 3326 636 3369 non
655 3317 702 3370 est
717 3326 812 3370 amor.
834 3318 914 3370 errat
929 3317 961 3368 ut
975 3307 1049 3380 ipsi:

263 3391 400 3465 Cumque
412 3391 486 3450 nihii
502 3397 611 3467 speres
627 3393 744 3452 firmius
760 3409 847 3464 esse,
867 3393 950 3466 sugit.

218 3471 394 3548 Hypsipyle
408 3475 513 3548 testis·
524 3479 616 3535 testis
632 3475 747 3534 Minoia
761 3477 848 3551 virgo
864 3484 918 3544 est,
