2472 4010
420 220 764 294 11‚1t‚1-12,18.
1057 221 1099 286 ³5

208 374 336 450 Impleat
351 375 402 434 itia
418 381 487 434 tuos
502 372 609 432 fortior
624 387 699 432 aura
714 372 810 432 sinus.

164 459 238 517 'ium
254 473 337 516 mare
356 458 387 517 in
403 458 481 516 hacc
495 471 624 530 magnus
640 457 791 530 proclinet
805 457 893 518 litora
906 457 1038 534 Nereus,
1055 501 1059 509 .

122 550 157 603 to
210 542 275 600 Huc
293 542 376 600 venti
391 542 522 616 spirent,
543 540 604 600 huc
620 549 691 614 agat
706 546 809 602 aestus
825 556 933 616 aquas.
981 587 982 596 ,

166 625 238 701 Ipsa
252 641 360 698 roges,
383 624 511 700 zephyri
529 625 651 683 veniant
666 624 696 682 in
712 625 805 684 lintea
819 626 894 698 soli,

208 708 219 764 1
223 724 280 783 psa
295 716 346 768 tua
363 724 490 768 moveas
505 708 625 782 turgida
639 710 710 768 vela
726 725 827 768 manu.

164 791 282 851 Primus
298 807 356 865 ego
375 791 523 868 aspiciam
537 798 640 852 notam
657 793 798 852 delitare
815 794 958 868 puppim,

206 874 245 934 Et
260 876 359 934 dicam
374 880 511 937 ‘nostros
525 875 651 934 advehit
665 875 717 935 illa
735 876 843 936 deos’:

120 968 155 1019 45
167 958 389 1034 Excipiamque
404 960 532 1031 umeris,
554 967 585 1017 et
598 960 775 1026 multasiue
790 961 898 1020 ordine
914 978 1038 1036 carpam

209 1041 329 1100 Oscula.
356 1059 412 1117 pro
427 1043 526 1101 reditu
544 1043 665 1101 victima
678 1050 751 1103 vota
766 1046 864 1106 cadet.

163 1123 259 1199 Inque
274 1123 332 1183 tori
348 1127 475 1184 formam
491 1126 599 1184 molles
615 1133 788 1186 sternentur
802 1128 951 1203 harenae,

206 1207 242 1265 Et
256 1203 388 1271 tumulus
404 1224 528 1268 mensae
545 1208 678 1283 quilibet
686 1208 782 1270 instar
797 1212 861 1270 erit.

152 1286 227 1350 'illic
242 1291 384 1367 adposito
400 1291 538 1351 narrabis
555 1278 648 1350 muita'
660 1293 767 1368 lyaeo=

119 1386 157 1436 50
210 1375 310 1437 Paene
325 1377 365 1436 sit
379 1384 411 1436 ut
425 1376 533 1435 mediis
550 1375 658 1434 obruta
671 1377 760 1436 navis
775 1375 880 1452 aquis,

163 1459 305 1533 Dumque
317 1461 356 1518 ad
368 1476 417 1520 me
425 1476 584 1534 properas,
597 1474 697 1534 neque
708 1460 832 1534 iniquae
839 1468 978 1536 tempora
989 1462 1098 1536 noctis,

207 1543 313 1601 Necte
328 1545 430 1618 praeci
435 1545 512 1618 pitcs
528 1543 706 1612 extimuisse
721 1551 821 1602 notos.

166 1625 273 1684 Omnia
287 1643 344 1701 pro
358 1627 439 1686 veris
455 1628 593 1698 credam,
616 1628 676 1686 sint
689 1627 761 1687 ficta
776 1628 886 1688 licebit
945 1694 948 1699 ,

209 1710 267 1768 Cur
282 1725 341 1784 ego
356 1726 417 1770 non
434 1709 514 1769 votis
528 1709 669 1768 blandiar
683 1711 752 1785 ipse
768 1712 867 1770 meist

119 1802 156 1852 55
167 1791 251 1852 Haec
265 1793 338 1852 mihi
355 1792 576 1867 quamprimum
592 1795 677 1853 eaelo
695 1794 896 1856 nitidissimus
912 1798 972 1856 alto

205 1876 326 1941 Lucifer
339 1877 476 1936 admisso
497 1884 635 1951 tempora
650 1883 750 1951 portet
765 1894 856 1953 equo.

81 2007 137 2099 12
166 2005 219 2100 Ite
234 2041 433 2114 triumphales
446 2041 558 2100 circum
573 2058 641 2100 mea
655 2049 795 2118 tempora
809 2045 923 2120 laurus.
956 2091 958 2106 .

207 2125 354 2184 Vicimus.
386 2124 416 2182 in
433 2123 538 2184 nostro
555 2132 602 2184 est
617 2141 690 2186 ecee
706 2127 837 2186 Corinna
852 2128 935 2200 sinu,

166 2209 261 2282 Quam
275 2210 336 2282 vir,
352 2225 444 2282 quam
460 2216 580 2282 custos,
597 2227 688 2282 quam
703 2211 794 2270 ianua
808 2213 910 2285 firma,
926 2217 970 2272 tot
981 2212 1096 2287 hostes,

210 2291 393 2366 Servabant,
418 2308 519 2366 nequa
534 2300 641 2367 posset
655 2293 694 2352 ab
710 2301 775 2354 arte
790 2297 869 2370 capi.

135 2375 247 2436 5Haee
262 2383 310 2435 est
323 2376 490 2452 praecipuo
508 2376 634 2436 victoria
650 2378 742 2452 digna
756 2379 924 2453 triumpho,

207 2461 241 2518 In
259 2476 333 2534 qua,
357 2475 568 2534 quaecumque
583 2469 646 2535 est,
668 2462 816 2536 sanguine
831 2464 947 2538 praeda
963 2473 1054 2524 caret.

164 2543 232 2602 Non
247 2543 484 2617 humites‘muri,
504 2560 565 2604 non
581 2545 685 2620 parvis
701 2546 817 2620 oppida
832 2548 926 2608 fossis

210 2628 327 2702 cincta,
349 2629 405 2705 sed
420 2634 467 2686 est
483 2629 574 2687 ductu
592 2636 682 2703 capta
696 2631 798 2703 puelia
812 2647 890 2690 mec.

164 2711 313 2785 Pergama
327 2727 395 2771 cum
411 2712 554 2771 caderent
567 2713 648 2771 bello
665 2721 810 2787 superata
823 2715 959 2786 bilustri,

123 2807 157 2859 10
210 2797 256 2854 Ex
271 2803 315 2856 tot
328 2798 358 2854 in
373 2796 490 2856 Atridis
506 2811 578 2869 pars
594 2803 689 2870 quota
705 2796 804 2856 laudis
819 2804 906 2857 eratt

166 2881 205 2938 At
219 2895 286 2938 mea
309 2879 448 2954 seposita
461 2886 509 2939 est
524 2886 556 2939 et
567 2880 606 2938 ab
622 2879 703 2938 omni
720 2881 812 2941 milite
828 2883 947 2943 dissors

208 2963 324 3033 Gloria,
346 2979 404 3023 nec
418 2963 534 3022 titulum
550 2965 685 3024 muneris
700 2965 775 3024 alter
789 2965 890 3025 hahet.
1038 2963 1042 2968 ’

165 3040 214 3106 Me
234 3047 312 3110 duee
327 3049 368 3106 ad
382 3047 461 3106 hano
476 3047 538 3106 voti
554 3048 660 3121 finem,
683 3063 731 3106 me
745 3049 838 3108 milite
852 3051 937 3110 veni:

207 3131 278 3205 lpse
294 3147 405 3205 eques,
423 3131 490 3205 ipse
505 3131 617 3205 pedes,
642 3132 769 3205 signifer
783 3135 851 3207 ipse
866 3135 918 3212 tui.

121 3225 155 3275 15
167 3215 228 3274 Nec
243 3231 349 3276 casum
365 3217 486 3274 fortuna
500 3216 576 3275 meis
591 3215 744 3275 inmiscuit
759 3217 846 3276 actis.

206 3299 273 3358 Huc
289 3301 381 3374 adea,
403 3315 422 3358 o
443 3314 516 3358 cura
532 3307 617 3374 parte
631 3298 793 3374 Triumphe
807 3307 890 3358 meat

164 3383 227 3442 Nec
240 3384 313 3443 belli
328 3391 375 3443 est
389 3398 471 3442 nova
486 3398 581 3444 causa
594 3384 664 3443 mei.
690 3383 754 3441 Nisi
769 3388 856 3455 rapta
874 3382 983 3442 suisset

205 3469 373 3545 Tyndaris
396 3467 538 3541 Europae
553 3485 616 3544 pax
629 3467 786 3539 Asiaeque
802 3466 889 3523 foret.
906 3547 943 3608 3*
