2488 4006
133 189 194 254 tls
506 168 774 250 errsrutnu.

216 342 253 399 At
270 349 317 410 tu,
343 339 382 398 de
396 336 513 412 rapidis
528 335 805 396 inmansuetissime
821 336 927 409 ventis

259 421 337 495 Quid
353 434 471 480 mecum
489 427 571 491 certa
584 419 701 494 proelia
715 427 818 479 vmente
834 419 938 492 gerisr

217 509 248 564 ln
265 521 327 578 me,
349 504 376 562 si
389 504 507 575 nescis,
528 503 643 574 Borea,
665 518 727 562 non
742 517 894 576 aequora,
917 504 1030 564 saevis.

125 638 126 644 ,
175 599 210 652 40
263 587 339 660 Quid
356 587 489 658 laceres,
514 593 598 645 esset
610 587 640 644 ni
657 586 815 650 tibiuotus
828 593 947 645 amort-

217 672 289 731 Tam
301 670 420 744 gelidus
433 669 516 744 quod
529 669 581 739 sis,
598 684 657 726 non
670 676 699 727 te
708 676 819 743 tamen,
833 670 981 746 improbe,
997 673 1156 747 quondam

260 753 384 828 Ignibus
402 753 526 812 Actaeis
541 750 706 811 incaluisse
721 767 827 826 negas.
1226 769 1227 774 ¹

218 835 336 898 Gaudia
350 844 473 909 rapturo
489 835 587 907 siquis
602 834 655 892 tibi
671 835 813 896 claudere
828 837 918 896 vellet

258 918 370 979 Aerios
385 919 501 989 aditus,
524 933 585 992 quo
599 925 739 1001 paterere
752 919 869 978 moder

174 1013 208 1066 ts
219 1003 329 1074 Parce,
352 1017 475 1076 precor,
498 1000 680 1074 facilemque
695 1016 785 1060 move
800 1001 985 1074 moderatius
999 1021 1119 1064 auram:

258 1087 389 1158 Imperet
402 1083 593 1158 Hippotades
609 1085 655 1142 sic
671 1083 825 1144 tibi-triste
840 1085 923 1144 nihil.
1226 1089 1227 1114 t

216 1169 306 1228 Vana
319 1174 406 1242 peto,
426 1166 632 1242 precibusque
646 1167 723 1228 meis
740 1168 946 1228 obmurmurat
960 1168 1037 1244 ipsc,

260 1251 405 1325 Quasque
420 1251 528 1326 quatit,
544 1251 627 1310 nulla
641 1259 729 1325 parte
742 1258 863 1312 coercet
878 1267 985 1326 aquas.

215 1335 302 1394 Nunc
319 1335 406 1394 daret
423 1333 557 1402 audaces
571 1333 684 1393 utinam
701 1333 773 1398 mihi
788 1333 944 1396 Daedalus
957 1336 1037 1396 alasa

174 1429 210 1480 so
261 1417 391 1476 Icarium
408 1416 548 1491 quamvls
563 1417 613 1478 hic
628 1433 726 1492 prope
742 1417 812 1477 litus
827 1418 924 1478 adest.

217 1500 370 1575 Quidquid
384 1501 452 1573 erit,
474 1500 585 1574 patiar
604 1499 695 1562 liceat
706 1500 799 1560 modo
815 1502 971 1576 corpus-in
986 1517 1077 1562 auras

259 1585 393 1656 Tollere,
410 1583 500 1657 quod
515 1583 607 1642 dubia
623 1599 718 1658 saepe
732 1585 881 1658 pependit
895 1581 984 1659 aqua.

216 1667 351 1738 Interea,
373 1666 445 1726 dum
460 1674 569 1726 cuncta
582 1675 694 1741 negant
710 1667 852 1742 ventique
867 1669 1045 1744 iratumque,

258 1749 360 1808 Mente
375 1750 455 1823 agito
471 1749 541 1810 furti
555 1756 694 1824 tempora
713 1751 811 1825 prima
825 1750 894 1811 mei.
1003 1787 1008 1799 ·

174 1842 208 1896 55
218 1833 286 1893 Nox
301 1840 365 1891 erat
380 1833 562 1907 incipiens...
577 1849 708 1907 namque
724 1841 772 1894 cst
784 1833 961 1895 meminisse
971 1837 1152 1916 uoluptas„

260 1915 333 1975 Curn
348 1916 464 1976 loribus
478 1916 584 1990 patriis
598 1917 779 1991 egrediebar
794 1933 913 1993 amans*

216 1999 394 2072 Neomare,
418 1999 558 2078 deposito
574 2000 687 2073 pariter
702 2017 770 2060 cum
780 2007 873 2061 ¹veste
886 2002 994 2062 timore
1099 2009 1106 2022 “

210 2099 215 2104 ·
258 2082 411 2142 Iactabam
426 2082 542 2157 liquido
558 2083 682 2143 brachia
698 2084 783 2144 lenta-
793 2085 878 2144 mari.

216 2165 302 2228 Luna
316 2166 381 2226 lere
395 2167 553 2226 tremulum
568 2167 735 2240 praebebat
750 2168 850 2228 lumen
866 2169 958 2241 eunti,

174 2259 210 2314 60
261 2248 300 2309 Ul
317 2264 420 2310 comes
435 2249 466 2306 in
483 2257 604 2310 nostras
622 2250 763 2310 diliciose
777 2249 854 2310 vias.
949 2274 952 2280 ·

216 2333 303 2392 Hanc
320 2348 378 2406 ego
397 2332 569 2406 suspiciens
586 2333 721 2407 navens,
745 2334 804 2394 dee
818 2333 976 2406 candida?
996 2335 1060 2396 dix-i

259 2415 309 2475 ‘Et
323 2414 452 2475 subeant
468 2417 568 2476 auimo
583 2417 699 2476 Latmia
713 2425 866 2476 sexanto.

216 2498 285 2558 Non
300 2498 371 2559 sinit
385 2498 558 2576 Endymion
577 2506 607 2560 te
624 2501 759 2574 pectoris
774 2516 846 2560 esse
861 2502 971 2560 severi.

258 2581 373 2655 Flecte,
394 2596 520 2656 precor,
543 2584 644 2643 vultus
661 2585 701 2648 ad
715 2600 784 2644 mea
799 2585 876 2645 lurta
889 2593 968 2646 tuos.

174 2674 208 2728 65
219 2667 277 2734 Tu,
301 2666 375 2738 deo,
397 2667 553 2725 mortalem
568 2667 654 2728 caelo
672 2667 799 2742 delapsa
816 2669 953 2742 petebas.

258 2750 341 2807 Vera
355 2748 439 2822 loqui
453 2749 551 2810 liceat.
575 2766 668 2824 quam
684 2767 813 2826 sequor,
837 2752 905 2826 ipsa
921 2753 979 2812 dea
993 2760 1050 2812 est.

215 2831 282 2891 Neu
294 2831 423 2892 referam
441 2847 543 2892 mores
559 2833 683 2893 caelesti
697 2841 822 2908 pectore
838 2835 957 2909 dignos

258 2914 367 2974 Forma
381 2915 439 2974 nisi
455 2916 485 2974 in
502 2931 591 2976 veras
607 2932 668 2978 non
687 2919 768 2978 cadit
785 2918 836 2978 illa
853 2919 939 2978 deas.

215 2999 244 3056 A
257 2997 388 3056 Veneris
404 2998 482 3058 lucie
500 3015 560 3058 non
576 3008 623 3060 est
639 2999 724 3074 prior
739 3002 801 3061 ulla
815 3010 946 3076 tanqum

174 3090 208 3143 lu
260 3081 344 3140 Neve
359 3081 435 3140 meis
451 3083 562 3142 credas
577 3083 719 3156 vocibus,
742 3085 812 3159 ipsa
829 3086 909 3146 vide.

181 3184 183 3187 ·
216 3163 380 3237 Quantum,
402 3181 471 3224 cum
488 3166 587 3240 fulges
602 3167 696 3228 radiis
711 3175 856 3242 argentea
872 3169 964 3242 puris,

258 3247 436 3308 Concedunt
452 3248 701 3310 flammissidera
718 3261 826 3312 cuncta
842 3253 911 3324 tuis,

214 3331 309 3390 Tanto
324 3331 468 3392 formosis
484 3333 648 3394 formosior
663 3335 802 3394 ornnibus
818 3336 868 3394 illa
882 3343 943 3394 estz
1023 3359 1033 3372 ·

219 3457 221 3462 .
257 3412 292 3471 st
305 3413 438 3489 dubitas,
462 3430 600 3488 caecum,
615 3415 767 3497 ¹Cynthio,
789 3419 891 3506 ltunen
906 3417 1024 3478 habes!
