2488 4006
178 190 214 248 ιι.
234 186 368 247 paruo.
391 135 453 248 roa
468 183 589 248 -14a
625 187 674 245 111.
696 189 848 251 aursus
871 189 1005 256 1-27.
1060 192 1101 258 ιι

167 340 252 402 Colla
268 354 407 415 quoque,
429 335 533 400 infidis
551 331 672 412 quia‘se
689 341 842 409 nectenda
858 341 978 404 lacertis

207 423 429 495 praebuerunt,
451 421 569 496 laqueis
585 422 765 498 inplicuisse
778 423 870 485 lubet.

168 505 232 566 Stat
250 523 327 567 nece
341 513 459 568 matura
472 514 609 566 tenerum
624 521 756 582 pensare
773 509 938 584 pudorem:

208 591 242 649 In
257 589 342 651 necis
357 590 456 650 electu
472 605 569 665 parva
583 592 683 650 lutura
697 607 783 651 mora
798 599 854 651 est.
940 585 944 594 “

100 681 153 735 145
165 673 335 735 Inscribere
349 691 418 734 meo
434 689 530 733 causa
543 671 697 733 invidiosa
712 675 885 749 sepulchro.

134 832 139 842 Ι
207 760 269 817 Aut
283 758 359 833 hec,
381 765 433 818 aut
447 754 537 818 simili
552 755 684 817 carmine
700 766 790 819 notus
807 760 868 818 eris

166 841 320 918 ‘Phyllida
333 840 537 917 Demophoon
552 842 612 908 leto
632 841 731 916 dedit,
752 842 869 918 hospes
885 852 1050 906 amantcm=

170 949 176 960 ·
207 926 261 984 llle
276 923 360 985 necis
376 941 501 995 causam
515 924 671 1000 praebuit,
688 928 763 1000 vipsa
778 931 924 987 manum!

488 1059 690 1070 ——u———.

563 1139 613 1200 111.

136 1299 142 1316 .
165 1223 267 1327 Quam
283 1256 375 1331 legis,
397 1273 415 1316 a
430 1263 518 1332 rapta
531 1255 672 1316 Briseide
686 1254 784 1316 littera
799 1256 890 1330 venit,

127 1414 129 1417 ¹
205 1343 268 1402 Vix
281 1341 361 1408 bene
374 1340 538 1400 barbarica
551 1340 667 1400 Graeca
684 1345 787 1400 notata
800 1355 901 1402 manu.

163 1427 379 1499 Quascumque
394 1425 544 1498 aspicies,
567 1423 710 1484 lacrimae
725 1425 825 1483 lacero
841 1424 960 1484 lituras=

169 1511 173 1518 “
207 1508 269 1568 Sed
284 1516 386 1568 tamen
402 1515 431 1566 et
445 1508 588 1566 lacrimae
602 1507 742 1582 pondera
756 1508 843 1567 vocis
858 1507 980 1568 habent.

135 1591 197 1654 oSi
212 1589 285 1650 mihi
300 1606 399 1664 pauca
414 1590 501 1664 queri
516 1590 555 1649 de
569 1598 598 1650 te
615 1591 801 1665 dominoque
817 1593 944 1666 viroque

203 1674 263 1734 Fas
279 1682 341 1747 est,
362 1674 402 1732 de
417 1672 542 1734 domino
556 1689 656 1746 pauca
670 1675 801 1747 viroque
816 1691 935 1748 querar.

162 1758 243 1828 Non,
268 1773 325 1832 ego
341 1758 482 1832 poscenti
500 1753 669 1835 quodsum
684 1757 743 1817 cito
762 1758 872 1817 tradita
886 1758 959 1832 regi,

204 1841 299 1915 culpa
315 1847 367 1901 tna
383 1846 440 1900 est.
464 1837 604 1915 quamvis
618 1839 696 1898 haec
712 1856 835 1914 quoque
849 1843 939 1916 culpa
953 1849 1004 1900 tua
1018 1846 1075 1902 est.

162 1925 237 1984 Nam
253 1925 342 1984 simul
356 1922 528 2000 Eurybates
543 1939 592 1981 me
606 1923 848 2004 Talthybiusque
867 1932 1022 1998 vocarunt,

120 2020 155 2072 lo
206 2007 440 2085 Eurybatldata
457 2023 525 2066 sum
540 2005 765 2085 Talthybioque
780 2023 895 2067 comes.

161 2092 247 2152 Alter
262 2091 291 2150 in
307 2090 431 2151 alterius
448 2090 596 2149 iactantes
610 2089 724 2150 lumina
738 2091 854 2152 voltum
999 2093 1001 2100 “

204 2174 395 2248 Quaerebant
411 2173 509 2246 taciti,
531 2182 637 2233 noster
652 2173 704 2234 ubi
719 2172 802 2232 es'set
816 2189 910 2234 amor.

161 2257 282 2317 Differri
296 2257 391 2331 potui.
414 2272 534 2330 poenae
549 2272 635 2316 mora
651 2263 737 2330 grata
752 2257 870 2317 luisset.

202 2341 238 2400 Ei
253 2341 339 2414 mihi,
361 2340 527 2400 discedens
543 2340 651 2400 oscula
667 2340 748 2399 nulla
763 2340 844 2399 dedi.

118 2433 151 2486 15
163 2426 204 2484 At
218 2425 358 2484 lacrimas
375 2425 441 2483 sine
455 2424 516 2482 fine
532 2423 617 2496 dedi,
638 2423 769 2498 rupique
783 2424 927 2498 capillos:

202 2507 312 2566 Infelix
327 2509 434 2568 iterum
449 2523 516 2568 sum
532 2507 605 2566 nulii
623 2506 691 2566 visa
709 2508 786 2580 capi.

160 2590 263 2665 Saepe
277 2606 336 2665 ego
352 2589 481 2664 decepto
496 2589 580 2650 volui
594 2590 723 2652 custode
736 2590 863 2650 reverti:

203 2673 267 2734 Sed
281 2689 330 2734 me
347 2675 397 2748 qui
412 2672 547 2734 timidam
565 2663 861 2750 prenderet,'hostis
878 2681 951 2732 erat.

161 2755 194 2817 Si
208 2773 376 2832 progressa
390 2758 502 2830 forem,
524 2756 651 2832 caperer
665 2772 703 2816 ne
720 2764 810 2817 nocte
826 2756 978 2830 timebam,

35 2840 44 2846 “
115 2849 152 2902 20
205 2840 376 2914 Quamlibet
390 2841 430 2900 ad
444 2841 554 2900 Priami
569 2857 679 2902 munus
693 2841 771 2900 itura
784 2857 901 2900 nunun.

161 2923 224 2984 Sed
239 2925 310 2984 data
324 2924 396 2998 sim,
419 2925 490 3000 quia
505 2924 608 2984 danda
622 2925 675 2984 lui.
704 2925 761 2984 Tot
776 2924 917 2985 noctibus
933 2921 1051 2997 absum,

201 3007 264 3067 Nec
279 3015 410 3082 repetor.
435 3023 558 3082 cessas,
581 3008 687 3083 iraque
703 3009 784 3068 lenta
798 3015 849 3070 tua
865 3015 920 3070 est.

159 3091 230 3166 Ipse
243 3091 453 3152 Menoetiades
468 3099 545 3165 tum,
569 3108 637 3150 cum
654 3091 811 3164 hadebar,
833 3093 863 3150 in
878 3106 983 3152 orarem

203 3174 294 3247 ‘Quid
310 3174 391 3235 iles?
410 3174 460 3235 lric
477 3190 572 3248 parvo
588 3180 736 3249 tempore’
756 3175 947 3245 dixit‘eris.’

113 3257 227 3318 25N0n
240 3259 405 3332 repetisse,
427 3273 546 3333 parum.
568 3275 703 3338 pugnas,
724 3274 763 3317 ne
778 3259 907 3332 reddar,
929 3253 1059 3318 Achille.
1092 3255 1094 3260 ’

201 3342 214 3399 l
230 3357 326 3416 nnnc,
346 3349 377 3402 et
391 3341 495 3417 cupidi
509 3357 619 3412 nomen
640 3342 767 3402 amantis
781 3341 871 3400 habe.

157 3425 316 3486 Venerunt
333 3425 373 3486 ad
386 3434 415 3488 te
431 3427 595 3487 Telamone
612 3433 641 3486 et
655 3427 825 3499 Amyntore
840 3424 911 3496 nati,
1009 3479 1012 3482 .
