2498 4008
519 191 561 257 69
573 225 611 238 -
624 190 695 256 144.

185 349 217 411 Si
231 356 331 410 tamen
345 345 449 408 auxilii
466 345 620 422 perierunt
633 351 771 421 tempora
785 343 884 420 primi,

223 433 262 492 Et
274 438 364 492 vetus
379 428 410 490 in
426 435 515 506 capto
530 438 655 504 pectore
671 430 750 490 sedit
764 443 858 503 amor,

181 517 281 577 Maius
299 530 379 590 opus
395 519 545 594 superest.
568 514 624 573 sed
638 529 715 587 non,
738 513 810 588 quia
827 512 924 572 serior
939 527 1030 586 aegro
1116 518 1118 523 “

118 612 170 676 110
222 600 382 670 Advccor‚
406 598 456 656 iiie
470 596 541 656 mibi
557 596 770 658 destituendus
784 597 848 657 erib

184 683 278 758 Quum
293 685 396 742 laesus
411 681 509 740 iuerat
522 687 639 755 partem
654 680 817 742 Poeantius
832 681 935 750 heros

225 768 330 825 Altera
344 763 491 824 debuerat
506 765 722 840 praesecuisse
736 779 855 826 manus.

180 851 255 911 Post
268 856 368 909 tamen
382 848 433 908 hic
446 849 558 909 multos
573 856 699 909 sanatus
715 847 847 909 creditur
861 862 959 906 annos

225 933 405 1008 Supremam
420 932 507 992 bellis
523 933 711 1007 imposuisse
723 947 856 992 menum.

119 1028 167 1079 tto
180 1018 235 1092 Qui
250 1016 343 1078 modo
359 1016 515 1076 nascentis
531 1016 734 1092 properabam
750 1017 865 1090 petiere
881 1013 1017 1085 morbos,
1102 1048 1104 1052 -

223 1101 386 1159 Admoveo
401 1099 519 1158 tardam
533 1115 613 1159 nunc
628 1114 751 1172 quoque
766 1100 866 1160 lentus
882 1113 982 1173 opem.

180 1185 242 1242 Aut
258 1198 356 1251 nova,
381 1183 407 1240 si
423 1182 542 1256 possis,
564 1183 673 1240 sedare
689 1182 830 1240 incendia
844 1188 983 1255 temptes,

222 1271 285 1324 Aut
299 1263 351 1323 ubi
366 1279 422 1337 per
436 1265 518 1323 vires
533 1265 725 1338 procubuere
740 1279 823 1324 suas.

182 1350 257 1409 Cum
272 1349 356 1407 furor
370 1347 400 1406 in
415 1363 507 1406 cursu
522 1353 582 1420 est,
607 1349 737 1410 currenti
753 1348 829 1406 cede
844 1345 947 1407 furori.

117 1443 170 1494 lio
221 1431 369 1492 Difficiles
384 1431 484 1490 aditus
499 1431 630 1505 impetus
646 1431 744 1490 omnis
758 1430 859 1490 habet.

183 1515 314 1587 Stultus,
338 1513 376 1572 ab
393 1515 493 1574 oblico
510 1515 562 1589 qui
581 1530 649 1574 cum
664 1515 853 1575 descendere
872 1513 978 1589 possit,

222 1599 339 1672 Pugnat
352 1598 383 1655 in
399 1598 549 1656 adversas
566 1599 609 1656 ire
624 1605 743 1657 natator
758 1613 866 1672 aquas.

181 1682 346 1756 Impatiens
361 1680 495 1749 animus,
520 1696 578 1740 nec
593 1682 693 1740 adbuc
707 1681 872 1740 tractabitis
888 1687 961 1754 arte,

222 1763 352 1838 Respuit
368 1769 459 1838 atque
476 1763 547 1822 odio
564 1765 657 1823 verbo
673 1765 825 1825 monentis
839 1763 941 1824 hebet.

115 1856 167 1910 125
177 1849 351 1922 Adgrediar
364 1845 472 1906 meiius
487 1854 562 1921 turn,
585 1861 653 1906 cunt
669 1863 726 1906 sua
741 1849 866 1907 vulnera
879 1849 963 1922 tangi

223 1933 287 1992 Iam
303 1931 396 2003 sinet,
419 1937 449 1990 et
463 1931 545 1991 veris
560 1930 687 1990 vocibus
702 1938 792 2006 aptus
810 1932 875 1990 erit.

183 2015 256 2089 Quis
270 2022 411 2088 matrem,
434 2015 493 2073 nisi
507 2015 616 2073 mentis
632 2013 736 2088 inops,
758 2014 788 2073 in
805 2015 911 2074 sunere
926 2013 988 2072 nati

222 2098 310 2157 Flere
323 2105 427 2158 vetetc
459 2098 526 2158 Non
541 2098 600 2158 hoc
613 2098 665 2156 iiia
679 2099 833 2158 monenda
846 2099 915 2157 ioco
931 2103 986 2156 est.

180 2181 254 2242 Cum
275 2180 393 2240 dederit
413 2180 569 2255 lacrimas,
592 2182 786 2256 animumque
801 2180 971 2256 impleverit
986 2195 1120 2254 aegrum,

117 2275 169 2330 130
220 2265 274 2323 iiie
289 2264 380 2324 dolor
393 2263 496 2324 verbis
511 2266 737 2325 emoderandus
752 2265 817 2324 erit.
1047 2327 1050 2334 ,

181 2348 339 2422 Temporis
355 2363 406 2407 ars
421 2347 572 2408 inedicina
587 2351 651 2408 fere
668 2356 723 2409 cst.
746 2348 817 2407 duta
831 2355 968 2424 tempore
983 2323 1121 2422 prdsunt.

225 2432 261 2490 Et
275 2431 345 2490 data
359 2446 421 2490 non
437 2439 509 2506 apto
523 2439 661 2506 tempore
672 2433 745 2494 uina
760 2442 879 2492 nocent.

182 2515 258 2588 Quin
273 2515 362 2573 etiam
377 2515 529 2575 accendes
544 2517 617 2576 vitia
628 2516 800 2592 'inritesque
816 2517 957 2590 arctando,

222 2596 423 2672 Temporibus
439 2600 465 2658 si
481 2615 540 2660 non
556 2599 737 2675 adgrediare
750 2601 825 2660 suis.

116 2690 168 2744 135
179 2681 260 2755 Ergo
275 2680 327 2740 ubi
343 2679 429 2741 visus
445 2683 506 2744 eris
521 2691 646 2743 nostrae
663 2683 851 2743 medicabilis
868 2683 933 2756 arti,

223 2764 284 2825 Fac
299 2765 421 2825 monitis
436 2767 535 2841 fugias
550 2768 612 2827 otia
627 2768 723 2842 prima
736 2767 823 2826 meis.

180 2849 279 2922 Haec,
299 2855 333 2908 ut
347 2864 447 2922 ames,
471 2850 593 2911 iaciunt.
616 2851 693 2911 haee
709 2851 792 2924 quod
806 2851 923 2923 iecere,
943 2856 1028 2910 tuent
1070 2870 1078 2887 ·

221 2932 306 2990 Haec
321 2939 391 2993 sunt
406 2934 528 2992 iucundi
546 2949 641 2994 causa
656 2933 805 3010 cibusque
819 2935 899 2993 muli.

183 3015 249 3075 Otia
264 3015 290 3074 si
304 3016 410 3090 tollas,
430 3018 549 3092 periere
564 3017 721 3092 Cupidinis
736 3033 835 3092 arcus,

118 3107 169 3161 140
223 3098 460 3174 contemtaeque
474 3102 574 3162 iacent
588 3109 618 3160 et
633 3101 699 3161 sine
713 3102 782 3162 luce
799 3103 895 3161 iaces.
966 3113 968 3120 ‘

182 3183 276 3258 Qunam
292 3185 434 3258 platanus
450 3184 521 3245 vino
537 3185 664 3259 gaudet,
688 3201 779 3260 quarn
794 3186 926 3260 populus
941 3182 1082 3263 unda„-

222 3268 260 3326 Et
275 3283 366 3342 quam
381 3268 491 3328 limosa
507 3283 604 3328 canna
620 3270 763 3343 palustris
778 3269 880 3339 humo,

179 3349 251 3408 Tam
266 3351 372 3411 Venus
387 3351 449 3412 otia
464 3359 553 3411 amat.
576 3385 577 3388 =
591 3352 645 3426 Qui
661 3352 751 3411 finem
768 3350 889 3426 quaeris
905 3349 1053 3423 amoris..

223 3433 308 3492 Cedit
322 3451 408 3498 amor
420 3436 534 3495 rebus..
550 3451 601 3500 res
616 3451 687 3510 age,
710 3442 791 3496 tutus
807 3434 877 3494 eris.
933 3459 936 3466 ¹
