2498 4008
218 495 258 627 Β.
286 491 405 612 tilll
430 491 603 586 intulit
629 487 925 585 nllllllttltllll
951 490 1118 587 lllltull
1229 563 1230 650 j

550 675 763 765 perenn.

239 955 375 1067 [legerat
388 993 479 1052 huius
491 994 586 1052 Amor
600 993 717 1052 titulum
728 1005 903 1065 nomenque
917 991 1026 1050 libelli:

283 1078 379 1136 ‘Bella
393 1076 480 1150 mihi,
502 1076 610 1150 video,
631 1076 712 1135 bella
727 1079 881 1150 parantur'
899 1074 948 1133 ait.

240 1160 347 1220 ‘Parae
360 1167 444 1220 tuum
458 1167 560 1219 vatem
575 1159 700 1220 sceleris
716 1159 861 1218 damnare
869 1163 878 1228 ,’
900 1156 1027 1233 Cupide,

281 1245 403 1304 Tradita
418 1244 574 1318 qui'toties
589 1251 618 1303 te
634 1243 712 1304 duee
725 1243 816 1316 signa
828 1242 893 1300 tuli.

214 1327 306 1388 5Non
323 1343 381 1401 ego
395 1327 547 1403 Tydides,
568 1342 662 1400 aquo
679 1332 733 1386 tua
748 1325 963 1412 saueia'mater
1048 1335 1051 1342 ·

282 1411 315 1468 ln
330 1411 478 1484 liquidum
492 1409 582 1470 rediit
596 1409 721 1470 aethera
732 1409 837 1470 Martis
853 1411 953 1484 equis.

241 1493 342 1568 Saepe
356 1500 460 1570 tepent
474 1495 524 1552 alii
538 1495 676 1554 iuvenes.
699 1509 756 1568 ego
775 1509 896 1569 semper
911 1491 1025 1554 amavi:

280 1579 373 1651 Etsi,
397 1578 471 1652 quid
486 1578 595 1638 leolam
610 1594 689 1637 nune
705 1594 845 1653 quoque,
865 1579 1002 1652 quaeriS,
1025 1590 1105 1644 emo.

240 1663 421 1742 Quinetiam
438 1661 543 1736 docui,
567 1669 628 1738 qua
642 1677 754 1736 posses
770 1669 834 1720 arte
849 1663 956 1736 parari,

197 1755 232 1809 10
283 1746 321 1805 Et
332 1746 419 1821 quod
433 1763 512 1810 nuno
527 1746 603 1807 ratio
618 1753 679 1819 est,
703 1746 833 1820 impetus
850 1753 919 1804 ante
934 1745 997 1804 luit.

238 1830 301 1889 Neo
316 1837 360 1904 le,
381 1829 493 1890 blande
510 1845 599 1905 puer,
623 1845 680 1889 nee
694 1837 816 1892 nostras
833 1830 990 1904 prodimus
1006 1835 1098 1900 artes

279 1913 341 1972 Neo
356 1929 437 1973 nova
453 1914 649 1988 praeteritum
663 1929 752 1973 musa
765 1913 874 1973 retexit
890 1929 977 1988 opus.

238 1995 342 2071 Siquis
358 2004 438 2056 amat
453 1997 537 2072 quod
554 2013 655 2056 aurare
671 1996 768 2069 iuuat,
790 1997 917 2056 feliciter
933 1998 1033 2058 ardet=

281 2080 432 2155 Gaudeat,
454 2089 484 2142 et
497 2088 589 2141 vento
605 2081 727 2156 naviget
742 2082 790 2140 ille
806 2098 873 2141 suo.

197 2171 230 2226 15
241 2163 281 2222 At
297 2161 393 2238 siquis
411 2167 489 2224 male
508 2166 564 2224 sert
579 2165 722 2240 indignae
737 2179 833 2239 regna
848 2164 976 2240 puellae,

278 2248 322 2308 Ne
336 2255 456 2322 pereat,
480 2255 603 2309 nostrae
619 2249 729 2310 sentiat
743 2247 815 2308 artis
832 2263 930 2322 opem.

238 2332 296 2393 Cur
310 2333 421 2406 aliquis
437 2334 548 2406 laqueo
567 2333 678 2393 collum
692 2333 824 2392 nodatus
839 2337 954 2390 amator

279 2419 306 2474 A
321 2416 407 2475 trabe
422 2415 543 2475 sublimi
557 2417 641 2476 triste
657 2417 803 2492 pependit
817 2420 918 2474 onus?

237 2499 296 2560 Cur
312 2498 422 2574 aliquis
437 2499 536 2572 rigido
553 2500 648 2559 fodiat
664 2516 720 2560 sua
734 2507 860 2574 pectora
874 2501 977 2558 ferron

193 2591 229 2644 20
280 2582 429 2652 Invidiam
445 2583 564 2656 caedis,
589 2585 675 2659 pacis
694 2591 823 2655 amator,
846 2582 952 2642 habes.

237 2665 308 2741 Qui,
332 2667 393 2732 nisi¹
406 2667 545 2741 desierit,
568 2667 680 2729 misero
696 2669 848 2742 periturns
864 2680 968 2726 amore
983 2671 1038 2736 est,

277 2752 413 2812 Desinat.
434 2757 465 2812 et
479 2751 553 2811 nulli
570 2752 692 2812 lunaris
703 2758 810 2812 auctor
824 2751 895 2810 eris,

234 2835 272 2894 Et
286 2851 362 2911 puer
378 2851 428 2910 es,
451 2851 509 2896 neo
522 2842 553 2897 te
570 2836 734 2910 quiequam
750 2835 809 2895 nisi
825 2834 930 2896 ludere
949 2838 1077 2908 oportet.

276 2918 376 2978 Lude!
400 2919 510 2980 deeent
526 2935 624 2980 annos
641 2920 743 2981 mollia
757 2919 852 2994 regne
866 2925 947 2978 tuos.

151 3009 227 3062 —25
237 3000 312 3060 Nam
327 3007 451 3075 poteras
466 3003 508 3062 uti
523 3004 614 3079 nudis¹
631 3005 671 3064 ad
684 3006 764 3064 bella
780 3003 910 3077 sagittis:

150 3113 193 3128 ·-
278 3082 341 3143 Sed
355 3090 406 3144 tua
419 3087 582 3146 mortifero
591 3088 739 3163 sanguine
753 3088 814 3154 tela
829 3093 941 3146 carent.

234 3167 368 3245 Vitricus
385 3174 414 3228 et
428 3167 537 3242 gladiis
554 3177 583 3230 et
598 3178 687 3232 acuta
703 3170 825 3231 dimicet
838 3169 953 3243 hasta·

275 3253 313 3312 Et
326 3252 425 3312 vietor
439 3253 532 3312 multa
547 3255 643 3314 caede
659 3261 800 3315 eruentus
816 3261 874 3314 eat.

233 3336 277 3393 Tu
294 3336 362 3395 cole
376 3343 544 3410 maternaS,
568 3345 631 3398 tuto
649 3338 761 3414 qulbus
776 3339 902 3412 utimur,
925 3343 1015 3408 artes,

191 3425 226 3476 30
278 3417 314 3475 Et
328 3435 455 3491 quarum
472 3420 544 3479 vitio
559 3421 690 3517 nullaxfit
705 3423 780 3504 orba
796 3437 919 3498 parens.
