<?xml version="1.0" encoding="UTF-8"?>
<!DOCTYPE html PUBLIC "-//W3C//DTD XHTML 1.0 Transitional//EN"
    "http://www.w3.org/TR/xhtml1/DTD/xhtml1-transitional.dtd">
<html xmlns="http://www.w3.org/1999/xhtml" xml:lang="en" lang="en">
 <head>
  <title>
</title>
<meta http-equiv="Content-Type" content="text/html;charset=utf-8" />
  <meta name='ocr-system' content='tesseract 3.04.00' />
  <meta name='ocr-capabilities' content='ocr_page ocr_carea ocr_par ocr_line ocrx_word'/>
</head>
<body>
  <div class='ocr_page' id='page_1' title='image "./povidiusnaso02merkgoog_0256.png"; bbox 0 0 2498 4008; ppageno 0'>
   <div class='ocr_carea' id='block_1_1' title="bbox 558 139 690 202">
    <p class='ocr_par' dir='ltr' id='par_1_1' title="bbox 558 139 690 202">
     <span class='ocr_line' id='line_1_1' title="bbox 558 139 690 202; baseline 0 -2"><span class='ocrx_word' id='word_1_1' title='bbox 558 139 690 202; x_wconf 49' lang='lat' dir='ltr'>lace.</span> 
     </span>
    </p>
   </div>
   <div class='ocr_carea' id='block_1_2' title="bbox 100 276 1159 3454">
    <p class='ocr_par' dir='ltr' id='par_1_2' title="bbox 100 276 1159 3454">
     <span class='ocr_line' id='line_1_2' title="bbox 198 276 822 368; baseline -0.003 -14"><span class='ocrx_word' id='word_1_2' title='bbox 198 295 294 356; x_wconf 87' lang='lat' dir='ltr'>Ellice</span> <span class='ocrx_word' id='word_1_3' title='bbox 309 276 457 356; x_wconf 63' lang='lat' dir='ltr'>nocturna</span> <span class='ocrx_word' id='word_1_4' title='bbox 472 291 627 366; x_wconf 76' lang='lat' dir='ltr'>frangatur</span> <span class='ocrx_word' id='word_1_5' title='bbox 641 293 732 352; x_wconf 89' lang='lat' dir='ltr'>ianua</span> <span class='ocrx_word' id='word_1_6' title='bbox 746 293 822 368; x_wconf 84' lang='lat' dir='ltr'>rina,</span> 
     </span>
     <span class='ocr_line' id='line_1_3' title="bbox 241 375 861 452; baseline -0.011 -15"><span class='ocrx_word' id='word_1_7' title='bbox 241 379 279 438; x_wconf 81' lang='lat' dir='ltr'>Et</span> <span class='ocrx_word' id='word_1_8' title='bbox 292 384 373 452; x_wconf 85' lang='lat' dir='ltr'>legat</span> <span class='ocrx_word' id='word_1_9' title='bbox 388 381 510 437; x_wconf 87' lang='lat' dir='ltr'>ornatas</span> <span class='ocrx_word' id='word_1_10' title='bbox 524 375 619 436; x_wconf 88' lang='lat' dir='ltr'>multa</span> <span class='ocrx_word' id='word_1_11' title='bbox 634 391 748 435; x_wconf 90' lang='lat' dir='ltr'>corona</span> <span class='ocrx_word' id='word_1_12' title='bbox 762 377 861 437; x_wconf 77' lang='lat' dir='ltr'>iores:</span> 
     </span>
     <span class='ocr_line' id='line_1_4' title="bbox 100 458 984 540; baseline 0.005 -23"><span class='ocrx_word' id='word_1_13' title='bbox 100 504 102 517; x_wconf 76' lang='grc'><em>,</em></span> <span class='ocrx_word' id='word_1_14' title='bbox 199 463 260 522; x_wconf 85' lang='lat' dir='ltr'>Fac</span> <span class='ocrx_word' id='word_1_15' title='bbox 275 467 386 521; x_wconf 87' lang='lat' dir='ltr'>coeant</span> <span class='ocrx_word' id='word_1_16' title='bbox 399 459 501 524; x_wconf 85' lang='lat' dir='ltr'>furtim</span> <span class='ocrx_word' id='word_1_17' title='bbox 514 458 641 518; x_wconf 83' lang='lat' dir='ltr'>iuvenes</span> <span class='ocrx_word' id='word_1_18' title='bbox 655 459 840 540; x_wconf 76' lang='lat' dir='ltr'>timidaeque</span> <span class='ocrx_word' id='word_1_19' title='bbox 857 462 984 536; x_wconf 90' lang='lat' dir='ltr'>puellae,</span> 
     </span>
     <span class='ocr_line' id='line_1_5' title="bbox 127 543 921 618; baseline -0.008 -14"><span class='ocrx_word' id='word_1_20' title='bbox 127 551 131 568; x_wconf 84' lang='lat'><strong>¹</strong></span> <span class='ocrx_word' id='word_1_21' title='bbox 240 545 406 618; x_wconf 84' lang='lat' dir='ltr'>Verbaque</span> <span class='ocrx_word' id='word_1_22' title='bbox 422 543 495 605; x_wconf 90' lang='lat' dir='ltr'>dent</span> <span class='ocrx_word' id='word_1_23' title='bbox 509 550 597 602; x_wconf 91' lang='lat' dir='ltr'>cauto</span> <span class='ocrx_word' id='word_1_24' title='bbox 613 543 746 617; x_wconf 86' lang='lat' dir='ltr'>qualibet</span> <span class='ocrx_word' id='word_1_25' title='bbox 760 550 825 602; x_wconf 89' lang='lat' dir='ltr'>arte</span> <span class='ocrx_word' id='word_1_26' title='bbox 839 545 921 602; x_wconf 79' lang='lat' dir='ltr'>viro:</span> 
     </span>
     <span class='ocr_line' id='line_1_6' title="bbox 152 626 974 702; baseline -0.005 -12"><span class='ocrx_word' id='word_1_27' title='bbox 152 638 190 690; x_wconf 84' lang='grc'>35</span> <span class='ocrx_word' id='word_1_28' title='bbox 201 629 238 688; x_wconf 79' lang='lat' dir='ltr'>nt</span> <span class='ocrx_word' id='word_1_29' title='bbox 252 629 344 688; x_wconf 87' lang='lat' dir='ltr'>modo</span> <span class='ocrx_word' id='word_1_30' title='bbox 360 626 535 700; x_wconf 79' lang='lat' dir='ltr'>blanditiae,</span> <span class='ocrx_word' id='word_1_31' title='bbox 557 626 655 700; x_wconf 86' lang='lat' dir='ltr'>rigido</span> <span class='ocrx_word' id='word_1_32' title='bbox 670 626 762 686; x_wconf 93' lang='lat' dir='ltr'>modo</span> <span class='ocrx_word' id='word_1_33' title='bbox 778 627 875 700; x_wconf 80' lang='lat' dir='ltr'>iurgia</span> <span class='ocrx_word' id='word_1_34' title='bbox 892 629 974 702; x_wconf 90' lang='lat' dir='ltr'>posti</span> 
     </span>
     <span class='ocr_line' id='line_1_7' title="bbox 240 707 915 784; baseline 0 -14"><span class='ocrx_word' id='word_1_35' title='bbox 240 713 342 784; x_wconf 90' lang='lat' dir='ltr'>Dicat,</span> <span class='ocrx_word' id='word_1_36' title='bbox 363 718 393 772; x_wconf 87' lang='lat' dir='ltr'>et</span> <span class='ocrx_word' id='word_1_37' title='bbox 407 711 552 772; x_wconf 85' lang='lat' dir='ltr'>exclusus</span> <span class='ocrx_word' id='word_1_38' title='bbox 567 707 670 768; x_wconf 88' lang='lat' dir='ltr'>flebile</span> <span class='ocrx_word' id='word_1_39' title='bbox 685 715 784 769; x_wconf 87' lang='lat' dir='ltr'>cantet</span> <span class='ocrx_word' id='word_1_40' title='bbox 799 726 915 770; x_wconf 82' lang='lat' dir='ltr'>amens.</span> 
     </span>
     <span class='ocr_line' id='line_1_8' title="bbox 198 793 1000 854; baseline 0 0"><span class='ocrx_word' id='word_1_41' title='bbox 198 797 253 854; x_wconf 89' lang='lat' dir='ltr'>His</span> <span class='ocrx_word' id='word_1_42' title='bbox 269 794 400 854; x_wconf 82' lang='lat' dir='ltr'><strong>lacrimis</strong></span> <span class='ocrx_word' id='word_1_43' title='bbox 416 800 575 854; x_wconf 90' lang='lat' dir='ltr'>contentus</span> <span class='ocrx_word' id='word_1_44' title='bbox 590 794 650 852; x_wconf 91' lang='lat' dir='ltr'>eris</span> <span class='ocrx_word' id='word_1_45' title='bbox 666 793 732 852; x_wconf 90' lang='lat' dir='ltr'>sine</span> <span class='ocrx_word' id='word_1_46' title='bbox 747 793 870 852; x_wconf 90' lang='lat' dir='ltr'>crimine</span> <span class='ocrx_word' id='word_1_47' title='bbox 884 795 1000 854; x_wconf 90' lang='lat' dir='ltr'>mortis.</span> 
     </span>
     <span class='ocr_line' id='line_1_9' title="bbox 240 876 920 956; baseline 0 -19"><span class='ocrx_word' id='word_1_48' title='bbox 240 880 307 939; x_wconf 88' lang='lat' dir='ltr'>Non</span> <span class='ocrx_word' id='word_1_49' title='bbox 323 885 375 939; x_wconf 89' lang='lat' dir='ltr'>tna</span> <span class='ocrx_word' id='word_1_50' title='bbox 388 877 440 936; x_wconf 85' lang='lat' dir='ltr'>fax</span> <span class='ocrx_word' id='word_1_51' title='bbox 456 876 565 936; x_wconf 86' lang='lat' dir='ltr'>avidos</span> <span class='ocrx_word' id='word_1_52' title='bbox 581 877 673 951; x_wconf 77' lang='lat' dir='ltr'>digna</span> <span class='ocrx_word' id='word_1_53' title='bbox 687 877 790 956; x_wconf 87' lang='lat' dir='ltr'>subire</span> <span class='ocrx_word' id='word_1_54' title='bbox 804 881 920 954; x_wconf 65' lang='lat' dir='ltr'>rogos!</span> 
     </span>
     <span class='ocr_line' id='line_1_10' title="bbox 197 962 991 1037; baseline 0.003 -18"><span class='ocrx_word' id='word_1_55' title='bbox 197 962 281 1021; x_wconf 90' lang='lat' dir='ltr'>Haec</span> <span class='ocrx_word' id='word_1_56' title='bbox 296 977 364 1037; x_wconf 81' lang='lat' dir='ltr'>ego.</span> <span class='ocrx_word' id='word_1_57' title='bbox 386 963 484 1022; x_wconf 90' lang='lat' dir='ltr'>movit</span> <span class='ocrx_word' id='word_1_58' title='bbox 497 963 593 1020; x_wconf 87' lang='lat' dir='ltr'>Amor</span> <span class='ocrx_word' id='word_1_59' title='bbox 607 967 773 1034; x_wconf 82' lang='lat' dir='ltr'>gemmatas</span> <span class='ocrx_word' id='word_1_60' title='bbox 789 976 900 1020; x_wconf 86' lang='lat' dir='ltr'>aureus</span> <span class='ocrx_word' id='word_1_61' title='bbox 916 963 991 1036; x_wconf 90' lang='lat' dir='ltr'>alas,</span> 
     </span>
     <span class='ocr_line' id='line_1_11' title="bbox 151 1043 951 1120; baseline -0.003 -14"><span class='ocrx_word' id='word_1_62' title='bbox 151 1053 190 1106; x_wconf 75' lang='lat'>40</span> <span class='ocrx_word' id='word_1_63' title='bbox 242 1045 280 1104; x_wconf 86' lang='lat' dir='ltr'>Et</span> <span class='ocrx_word' id='word_1_64' title='bbox 293 1045 367 1103; x_wconf 91' lang='lat' dir='ltr'>mihi</span> <span class='ocrx_word' id='word_1_65' title='bbox 382 1044 587 1118; x_wconf 71' lang='lat' dir='ltr'>‘propositum</span> <span class='ocrx_word' id='word_1_66' title='bbox 603 1044 729 1118; x_wconf 87' lang='lat' dir='ltr'>perlice&#39;</span> <span class='ocrx_word' id='word_1_67' title='bbox 746 1043 821 1102; x_wconf 87' lang='lat' dir='ltr'>dixit</span> <span class='ocrx_word' id='word_1_68' title='bbox 836 1047 951 1120; x_wconf 73' lang='lat' dir='ltr'>‘opus&#39;</span> 
     </span>
     <span class='ocr_line' id='line_1_12' title="bbox 197 1126 954 1202; baseline 0 -16"><span class='ocrx_word' id='word_1_69' title='bbox 197 1127 247 1186; x_wconf 87' lang='lat' dir='ltr'>Ad</span> <span class='ocrx_word' id='word_1_70' title='bbox 263 1143 345 1200; x_wconf 90' lang='lat' dir='ltr'>mea,</span> <span class='ocrx_word' id='word_1_71' title='bbox 366 1127 488 1201; x_wconf 89' lang='lat' dir='ltr'>decepti</span> <span class='ocrx_word' id='word_1_72' title='bbox 502 1126 645 1199; x_wconf 89' lang='lat' dir='ltr'>iuvenes,</span> <span class='ocrx_word' id='word_1_73' title='bbox 666 1133 831 1201; x_wconf 86' lang='lat' dir='ltr'>praecepta</span> <span class='ocrx_word' id='word_1_74' title='bbox 845 1129 954 1202; x_wconf 91' lang='lat' dir='ltr'>venite,</span> 
     </span>
     <span class='ocr_line' id='line_1_13' title="bbox 241 1209 895 1282; baseline 0 -14"><span class='ocrx_word' id='word_1_75' title='bbox 241 1210 324 1282; x_wconf 78' lang='lat' dir='ltr'>Quos</span> <span class='ocrx_word' id='word_1_76' title='bbox 340 1225 414 1270; x_wconf 90' lang='lat' dir='ltr'>suus</span> <span class='ocrx_word' id='word_1_77' title='bbox 429 1225 467 1268; x_wconf 87' lang='lat' dir='ltr'>ex</span> <span class='ocrx_word' id='word_1_78' title='bbox 487 1209 569 1268; x_wconf 90' lang='lat' dir='ltr'>omni</span> <span class='ocrx_word' id='word_1_79' title='bbox 583 1215 667 1282; x_wconf 89' lang='lat' dir='ltr'>parte</span> <span class='ocrx_word' id='word_1_80' title='bbox 683 1209 787 1266; x_wconf 81' lang='lat' dir='ltr'>fefellit</span> <span class='ocrx_word' id='word_1_81' title='bbox 801 1225 895 1268; x_wconf 89' lang='lat' dir='ltr'>amor.</span> 
     </span>
     <span class='ocr_line' id='line_1_14' title="bbox 196 1291 922 1367; baseline -0.003 -16"><span class='ocrx_word' id='word_1_82' title='bbox 196 1293 310 1352; x_wconf 82' lang='lat' dir='ltr'>Discite</span> <span class='ocrx_word' id='word_1_83' title='bbox 324 1293 440 1365; x_wconf 86' lang='lat' dir='ltr'>sanari,</span> <span class='ocrx_word' id='word_1_84' title='bbox 463 1307 519 1367; x_wconf 91' lang='lat' dir='ltr'>per</span> <span class='ocrx_word' id='word_1_85' title='bbox 535 1307 625 1366; x_wconf 90' lang='lat' dir='ltr'>quem</span> <span class='ocrx_word' id='word_1_86' title='bbox 641 1291 790 1352; x_wconf 77' lang='lat' dir='ltr'>didicistis</span> <span class='ocrx_word' id='word_1_87' title='bbox 805 1307 922 1350; x_wconf 82' lang='lat' dir='ltr'>amare:</span> 
     </span>
     <span class='ocr_line' id='line_1_15' title="bbox 239 1375 926 1450; baseline -0.001 -14"><span class='ocrx_word' id='word_1_88' title='bbox 239 1376 307 1436; x_wconf 89' lang='lat' dir='ltr'>Una</span> <span class='ocrx_word' id='word_1_89' title='bbox 318 1392 427 1438; x_wconf 91' lang='lat' dir='ltr'>manus</span> <span class='ocrx_word' id='word_1_90' title='bbox 442 1375 533 1436; x_wconf 86' lang='lat' dir='ltr'>vobis</span> <span class='ocrx_word' id='word_1_91' title='bbox 548 1376 659 1435; x_wconf 89' lang='lat' dir='ltr'>vulnus</span> <span class='ocrx_word' id='word_1_92' title='bbox 675 1390 827 1450; x_wconf 84' lang='lat' dir='ltr'>opemque</span> <span class='ocrx_word' id='word_1_93' title='bbox 842 1376 926 1436; x_wconf 87' lang='lat' dir='ltr'>leret.</span> 
     </span>
     <span class='ocr_line' id='line_1_16' title="bbox 154 1457 952 1533; baseline 0.001 -12"><span class='ocrx_word' id='word_1_94' title='bbox 154 1467 189 1521; x_wconf 78' lang='lat'>45</span> <span class='ocrx_word' id='word_1_95' title='bbox 201 1459 292 1519; x_wconf 88' lang='lat' dir='ltr'>Terra</span> <span class='ocrx_word' id='word_1_96' title='bbox 308 1460 457 1519; x_wconf 87' lang='lat' dir='ltr'>salutar-es</span> <span class='ocrx_word' id='word_1_97' title='bbox 472 1457 601 1533; x_wconf 88' lang='lat' dir='ltr'>herbas,</span> <span class='ocrx_word' id='word_1_98' title='bbox 623 1458 792 1533; x_wconf 89' lang='lat' dir='ltr'>eademque</span> <span class='ocrx_word' id='word_1_99' title='bbox 807 1467 952 1522; x_wconf 80' lang='lat' dir='ltr'>nocentes</span> 
     </span>
     <span class='ocr_line' id='line_1_17' title="bbox 240 1542 953 1618; baseline -0.001 -16"><span class='ocrx_word' id='word_1_100' title='bbox 240 1544 350 1614; x_wconf 87' lang='lat' dir='ltr'>Nutrit,</span> <span class='ocrx_word' id='word_1_101' title='bbox 374 1549 403 1601; x_wconf 88' lang='lat' dir='ltr'>ct</span> <span class='ocrx_word' id='word_1_102' title='bbox 416 1543 532 1603; x_wconf 88' lang='lat' dir='ltr'>urticae</span> <span class='ocrx_word' id='word_1_103' title='bbox 544 1542 684 1616; x_wconf 88' lang='lat' dir='ltr'>proxima</span> <span class='ocrx_word' id='word_1_104' title='bbox 699 1557 793 1618; x_wconf 83' lang='lat' dir='ltr'>saepe</span> <span class='ocrx_word' id='word_1_105' title='bbox 809 1558 882 1602; x_wconf 90' lang='lat' dir='ltr'>rosa</span> <span class='ocrx_word' id='word_1_106' title='bbox 897 1552 953 1603; x_wconf 90' lang='lat' dir='ltr'>est.</span> 
     </span>
     <span class='ocr_line' id='line_1_18' title="bbox 197 1625 1037 1702; baseline 0.002 -18"><span class='ocrx_word' id='word_1_107' title='bbox 197 1626 316 1692; x_wconf 80' lang='lat' dir='ltr'>Vulnus</span> <span class='ocrx_word' id='word_1_108' title='bbox 333 1626 364 1682; x_wconf 92' lang='lat' dir='ltr'>in</span> <span class='ocrx_word' id='word_1_109' title='bbox 378 1625 531 1685; x_wconf 85' lang='lat' dir='ltr'>Herculeo</span> <span class='ocrx_word' id='word_1_110' title='bbox 548 1641 627 1698; x_wconf 89' lang='lat' dir='ltr'>quae</span> <span class='ocrx_word' id='word_1_111' title='bbox 643 1626 798 1699; x_wconf 87' lang='lat' dir='ltr'>quondam</span> <span class='ocrx_word' id='word_1_112' title='bbox 813 1627 926 1686; x_wconf 83' lang='lat' dir='ltr'>lecerat</span> <span class='ocrx_word' id='word_1_113' title='bbox 940 1628 1037 1702; x_wconf 90' lang='lat' dir='ltr'>hoste,</span> 
     </span>
     <span class='ocr_line' id='line_1_19' title="bbox 239 1703 989 1781; baseline 0.004 -15"><span class='ocrx_word' id='word_1_114' title='bbox 239 1708 383 1768; x_wconf 89' lang='lat' dir='ltr'>Vulneris</span> <span class='ocrx_word' id='word_1_115' title='bbox 398 1707 541 1766; x_wconf 87' lang='lat' dir='ltr'>auxilium</span> <span class='ocrx_word' id='word_1_116' title='bbox 555 1707 656 1767; x_wconf 82' lang='lat' dir='ltr'>Pelias</span> <span class='ocrx_word' id='word_1_117' title='bbox 671 1703 760 1768; x_wconf 75' lang='lat' dir='ltr'>hasta</span> <span class='ocrx_word' id='word_1_118' title='bbox 774 1710 848 1768; x_wconf 85' lang='lat' dir='ltr'>tulit.</span> <span class='ocrx_word' id='word_1_119' title='bbox 988 1777 989 1781; x_wconf 7' lang='grc' dir='ltr'><strong>Ἰ</strong></span> 
     </span>
     <span class='ocr_line' id='line_1_20' title="bbox 199 1790 1159 1874; baseline 0.003 -22"><span class='ocrx_word' id='word_1_120' title='bbox 199 1791 261 1852; x_wconf 90' lang='lat' dir='ltr'>Sed</span> <span class='ocrx_word' id='word_1_121' title='bbox 277 1802 488 1865; x_wconf 87' lang='lat' dir='ltr'>quaecumque</span> <span class='ocrx_word' id='word_1_122' title='bbox 503 1791 592 1862; x_wconf 91' lang='lat' dir='ltr'>viris,</span> <span class='ocrx_word' id='word_1_123' title='bbox 614 1790 705 1850; x_wconf 85' lang='lat' dir='ltr'>vobis</span> <span class='ocrx_word' id='word_1_124' title='bbox 722 1809 844 1866; x_wconf 90' lang='lat' dir='ltr'>quoque</span> <span class='ocrx_word' id='word_1_125' title='bbox 859 1794 954 1866; x_wconf 88' lang='lat' dir='ltr'>dicta,</span> <span class='ocrx_word' id='word_1_126' title='bbox 979 1796 1108 1870; x_wconf 89' lang='lat' dir='ltr'>puellae,</span> <span class='ocrx_word' id='word_1_127' title='bbox 1158 1869 1159 1874; x_wconf 8' lang='grc' dir='ltr'>γ</span> 
     </span>
     <span class='ocr_line' id='line_1_21' title="bbox 152 1873 910 1956; baseline -0.003 -20"><span class='ocrx_word' id='word_1_128' title='bbox 152 1885 191 1937; x_wconf 84' lang='grc'>50</span> <span class='ocrx_word' id='word_1_129' title='bbox 244 1875 371 1935; x_wconf 86' lang='lat' dir='ltr'>Credite.</span> <span class='ocrx_word' id='word_1_130' title='bbox 395 1873 526 1956; x_wconf 85' lang='lat' dir='ltr'>diversis</span> <span class='ocrx_word' id='word_1_131' title='bbox 541 1873 678 1949; x_wconf 87' lang='lat' dir='ltr'>partibus</span> <span class='ocrx_word' id='word_1_132' title='bbox 693 1890 778 1934; x_wconf 89' lang='lat' dir='ltr'>arma</span> <span class='ocrx_word' id='word_1_133' title='bbox 792 1876 910 1936; x_wconf 83' lang='lat' dir='ltr'>damus.</span> 
     </span>
     <span class='ocr_line' id='line_1_22' title="bbox 198 1957 983 2034; baseline 0.005 -18"><span class='ocrx_word' id='word_1_134' title='bbox 198 1959 222 2016; x_wconf 87' lang='lat' dir='ltr'>E</span> <span class='ocrx_word' id='word_1_135' title='bbox 239 1959 349 2032; x_wconf 91' lang='lat' dir='ltr'>quibus</span> <span class='ocrx_word' id='word_1_136' title='bbox 365 1958 405 2021; x_wconf 86' lang='lat' dir='ltr'>ad</span> <span class='ocrx_word' id='word_1_137' title='bbox 420 1965 540 2019; x_wconf 88' lang='lat' dir='ltr'>vestros</span> <span class='ocrx_word' id='word_1_138' title='bbox 557 1957 660 2032; x_wconf 89' lang='lat' dir='ltr'>siquid</span> <span class='ocrx_word' id='word_1_139' title='bbox 677 1975 739 2018; x_wconf 93' lang='lat' dir='ltr'>non</span> <span class='ocrx_word' id='word_1_140' title='bbox 755 1957 885 2032; x_wconf 87' lang='lat' dir='ltr'>pertinet</span> <span class='ocrx_word' id='word_1_141' title='bbox 899 1975 983 2034; x_wconf 88' lang='lat' dir='ltr'>usus,</span> 
     </span>
     <span class='ocr_line' id='line_1_23' title="bbox 240 2041 896 2116; baseline 0 -16"><span class='ocrx_word' id='word_1_142' title='bbox 240 2047 380 2100; x_wconf 86' lang='lat' dir='ltr'>Attamen</span> <span class='ocrx_word' id='word_1_143' title='bbox 395 2044 536 2116; x_wconf 84' lang='lat' dir='ltr'>exemplo</span> <span class='ocrx_word' id='word_1_144' title='bbox 551 2043 644 2102; x_wconf 89' lang='lat' dir='ltr'>mulla</span> <span class='ocrx_word' id='word_1_145' title='bbox 659 2041 772 2101; x_wconf 91' lang='lat' dir='ltr'>docere</span> <span class='ocrx_word' id='word_1_146' title='bbox 785 2050 896 2116; x_wconf 90' lang='lat' dir='ltr'>potest.</span> 
     </span>
     <span class='ocr_line' id='line_1_24' title="bbox 198 2125 1031 2200; baseline 0.002 -15"><span class='ocrx_word' id='word_1_147' title='bbox 198 2126 277 2185; x_wconf 92' lang='lat' dir='ltr'>Utile</span> <span class='ocrx_word' id='word_1_148' title='bbox 292 2127 485 2200; x_wconf 85' lang='lat' dir='ltr'>propositum</span> <span class='ocrx_word' id='word_1_149' title='bbox 500 2133 548 2191; x_wconf 80' lang='lat' dir='ltr'>est</span> <span class='ocrx_word' id='word_1_150' title='bbox 565 2141 675 2184; x_wconf 88' lang='lat' dir='ltr'>saevas</span> <span class='ocrx_word' id='word_1_151' title='bbox 691 2125 868 2200; x_wconf 83' lang='lat' dir='ltr'>extinguere</span> <span class='ocrx_word' id='word_1_152' title='bbox 883 2126 1031 2196; x_wconf 81' lang='lat' dir='ltr'>flammas,</span> 
     </span>
     <span class='ocr_line' id='line_1_25' title="bbox 239 2207 844 2283; baseline 0 -17"><span class='ocrx_word' id='word_1_153' title='bbox 239 2208 301 2266; x_wconf 87' lang='lat' dir='ltr'>Nec</span> <span class='ocrx_word' id='word_1_154' title='bbox 319 2223 441 2268; x_wconf 87' lang='lat' dir='ltr'>servum</span> <span class='ocrx_word' id='word_1_155' title='bbox 456 2209 520 2268; x_wconf 88' lang='lat' dir='ltr'>vitii</span> <span class='ocrx_word' id='word_1_156' title='bbox 537 2216 644 2283; x_wconf 89' lang='lat' dir='ltr'>pectus</span> <span class='ocrx_word' id='word_1_157' title='bbox 658 2207 772 2268; x_wconf 87' lang='lat' dir='ltr'>habere</span> <span class='ocrx_word' id='word_1_158' title='bbox 787 2209 844 2268; x_wconf 91' lang='lat' dir='ltr'>sni.</span> 
     </span>
     <span class='ocr_line' id='line_1_26' title="bbox 151 2291 1013 2368; baseline -0.009 -14"><span class='ocrx_word' id='word_1_159' title='bbox 151 2301 189 2354; x_wconf 91' lang='grc'>55</span> <span class='ocrx_word' id='word_1_160' title='bbox 200 2291 338 2351; x_wconf 85' lang='lat' dir='ltr'>Vixisset</span> <span class='ocrx_word' id='word_1_161' title='bbox 351 2291 481 2368; x_wconf 86' lang='lat' dir='ltr'>Phyllis,</span> <span class='ocrx_word' id='word_1_162' title='bbox 505 2293 531 2351; x_wconf 93' lang='lat' dir='ltr'>si</span> <span class='ocrx_word' id='word_1_163' title='bbox 548 2307 596 2352; x_wconf 92' lang='lat' dir='ltr'>me</span> <span class='ocrx_word' id='word_1_164' title='bbox 612 2294 689 2354; x_wconf 89' lang='lat' dir='ltr'>loret</span> <span class='ocrx_word' id='word_1_165' title='bbox 704 2308 761 2352; x_wconf 89' lang='lat' dir='ltr'>usa</span> <span class='ocrx_word' id='word_1_166' title='bbox 776 2293 930 2368; x_wconf 85' lang='lat' dir='ltr'>magistro,</span> <span class='ocrx_word' id='word_1_167' title='bbox 1010 2341 1013 2346; x_wconf 85' lang='lat'>.</span> 
     </span>
     <span class='ocr_line' id='line_1_27' title="bbox 241 2376 902 2450; baseline 0.002 -17"><span class='ocrx_word' id='word_1_168' title='bbox 241 2376 280 2434; x_wconf 87' lang='lat' dir='ltr'>Et</span> <span class='ocrx_word' id='word_1_169' title='bbox 292 2391 349 2450; x_wconf 89' lang='lat' dir='ltr'>per</span> <span class='ocrx_word' id='word_1_170' title='bbox 363 2377 446 2450; x_wconf 91' lang='lat' dir='ltr'>quod</span> <span class='ocrx_word' id='word_1_171' title='bbox 461 2377 585 2450; x_wconf 87' lang='lat' dir='ltr'>novies,</span> <span class='ocrx_word' id='word_1_172' title='bbox 608 2377 733 2450; x_wconf 88' lang='lat' dir='ltr'>saepius</span> <span class='ocrx_word' id='word_1_173' title='bbox 748 2376 824 2436; x_wconf 86' lang='lat' dir='ltr'>isset</span> <span class='ocrx_word' id='word_1_174' title='bbox 838 2378 902 2435; x_wconf 90' lang='lat' dir='ltr'>iter.</span> 
     </span>
     <span class='ocr_line' id='line_1_28' title="bbox 198 2458 918 2520; baseline 0.001 -3"><span class='ocrx_word' id='word_1_175' title='bbox 198 2459 260 2518; x_wconf 87' lang='lat' dir='ltr'>Nec</span> <span class='ocrx_word' id='word_1_176' title='bbox 275 2458 408 2520; x_wconf 90' lang='lat' dir='ltr'>moriens</span> <span class='ocrx_word' id='word_1_177' title='bbox 426 2459 505 2518; x_wconf 87' lang='lat' dir='ltr'>Dido</span> <span class='ocrx_word' id='word_1_178' title='bbox 522 2476 640 2520; x_wconf 89' lang='lat' dir='ltr'>summa</span> <span class='ocrx_word' id='word_1_179' title='bbox 654 2459 783 2520; x_wconf 89' lang='lat' dir='ltr'>vidisset</span> <span class='ocrx_word' id='word_1_180' title='bbox 795 2459 833 2518; x_wconf 89' lang='lat' dir='ltr'>ab</span> <span class='ocrx_word' id='word_1_181' title='bbox 849 2475 918 2519; x_wconf 87' lang='lat' dir='ltr'>arce</span> 
     </span>
     <span class='ocr_line' id='line_1_29' title="bbox 216 2542 846 2603; baseline 0.002 -2"><span class='ocrx_word' id='word_1_182' title='bbox 216 2587 226 2593; x_wconf 65' lang='lat'>,</span> <span class='ocrx_word' id='word_1_183' title='bbox 239 2542 410 2602; x_wconf 88' lang='lat' dir='ltr'>Dardanias</span> <span class='ocrx_word' id='word_1_184' title='bbox 425 2551 516 2602; x_wconf 92' lang='lat' dir='ltr'>vento</span> <span class='ocrx_word' id='word_1_185' title='bbox 534 2545 602 2602; x_wconf 88' lang='lat' dir='ltr'>vela</span> <span class='ocrx_word' id='word_1_186' title='bbox 614 2543 739 2603; x_wconf 90' lang='lat' dir='ltr'>dedisse</span> <span class='ocrx_word' id='word_1_187' title='bbox 753 2549 846 2603; x_wconf 88' lang='lat' dir='ltr'>rates.</span> 
     </span>
     <span class='ocr_line' id='line_1_30' title="bbox 197 2626 998 2700; baseline 0.002 -16"><span class='ocrx_word' id='word_1_188' title='bbox 197 2626 259 2684; x_wconf 90' lang='lat' dir='ltr'>Nec</span> <span class='ocrx_word' id='word_1_189' title='bbox 275 2626 364 2686; x_wconf 90' lang='lat' dir='ltr'>dolor</span> <span class='ocrx_word' id='word_1_190' title='bbox 378 2635 526 2688; x_wconf 87' lang='lat' dir='ltr'>armasset</span> <span class='ocrx_word' id='word_1_191' title='bbox 541 2633 646 2686; x_wconf 89' lang='lat' dir='ltr'>contra</span> <span class='ocrx_word' id='word_1_192' title='bbox 660 2643 716 2686; x_wconf 91' lang='lat' dir='ltr'>sna</span> <span class='ocrx_word' id='word_1_193' title='bbox 730 2628 850 2686; x_wconf 86' lang='lat' dir='ltr'>viscera</span> <span class='ocrx_word' id='word_1_194' title='bbox 864 2635 998 2700; x_wconf 88' lang='lat' dir='ltr'>matrem,</span> 
     </span>
     <span class='ocr_line' id='line_1_31' title="bbox 153 2709 982 2784; baseline -0.004 -13"><span class='ocrx_word' id='word_1_195' title='bbox 153 2717 191 2771; x_wconf 79' lang='lat'>60</span> <span class='ocrx_word' id='word_1_196' title='bbox 246 2709 422 2782; x_wconf 86' lang='lat' dir='ltr'>Quaesocii</span> <span class='ocrx_word' id='word_1_197' title='bbox 437 2710 547 2770; x_wconf 85' lang='lat' dir='ltr'>damno</span> <span class='ocrx_word' id='word_1_198' title='bbox 564 2711 720 2784; x_wconf 77' lang='lat' dir='ltr'>sanguinis</span> <span class='ocrx_word' id='word_1_199' title='bbox 737 2711 800 2771; x_wconf 88' lang='lat' dir='ltr'>ulta</span> <span class='ocrx_word' id='word_1_200' title='bbox 814 2711 909 2769; x_wconf 87' lang='lat' dir='ltr'>virum</span> <span class='ocrx_word' id='word_1_201' title='bbox 926 2718 982 2770; x_wconf 89' lang='lat' dir='ltr'>est.</span> 
     </span>
     <span class='ocr_line' id='line_1_32' title="bbox 195 2793 996 2869; baseline 0.002 -19"><span class='ocrx_word' id='word_1_202' title='bbox 195 2795 271 2851; x_wconf 77' lang='lat' dir='ltr'>¹Arte</span> <span class='ocrx_word' id='word_1_203' title='bbox 285 2809 354 2852; x_wconf 90' lang='lat' dir='ltr'>mea</span> <span class='ocrx_word' id='word_1_204' title='bbox 366 2795 496 2868; x_wconf 86' lang='lat' dir='ltr'>Tereus,</span> <span class='ocrx_word' id='word_1_205' title='bbox 519 2795 658 2869; x_wconf 89' lang='lat' dir='ltr'>quamvis</span> <span class='ocrx_word' id='word_1_206' title='bbox 672 2793 838 2854; x_wconf 81' lang='lat' dir='ltr'>Philomela</span> <span class='ocrx_word' id='word_1_207' title='bbox 852 2795 996 2868; x_wconf 84' lang='lat' dir='ltr'>placeret,</span> 
     </span>
     <span class='ocr_line' id='line_1_33' title="bbox 237 2869 852 2938; baseline 0.002 -4"><span class='ocrx_word' id='word_1_208' title='bbox 237 2875 295 2934; x_wconf 88' lang='lat' dir='ltr'>Per</span> <span class='ocrx_word' id='word_1_209' title='bbox 310 2876 427 2938; x_wconf 86' lang='lat' dir='ltr'>lacinus</span> <span class='ocrx_word' id='word_1_210' title='bbox 443 2877 509 2936; x_wconf 86' lang='lat' dir='ltr'>lieri</span> <span class='ocrx_word' id='word_1_211' title='bbox 524 2869 585 2938; x_wconf 88' lang='lat' dir='ltr'>n‘on</span> <span class='ocrx_word' id='word_1_212' title='bbox 599 2878 760 2938; x_wconf 88' lang='lat' dir='ltr'>meruisset</span> <span class='ocrx_word' id='word_1_213' title='bbox 775 2877 852 2938; x_wconf 87' lang='lat' dir='ltr'>evis.</span> 
     </span>
     <span class='ocr_line' id='line_1_34' title="bbox 197 2957 977 3035; baseline 0 -18"><span class='ocrx_word' id='word_1_214' title='bbox 197 2959 243 3018; x_wconf 89' lang='lat' dir='ltr'>Da</span> <span class='ocrx_word' id='word_1_215' title='bbox 257 2957 329 3018; x_wconf 89' lang='lat' dir='ltr'>mihi</span> <span class='ocrx_word' id='word_1_216' title='bbox 343 2958 528 3034; x_wconf 74' lang='lat' dir='ltr'>Pasiphaen,</span> <span class='ocrx_word' id='word_1_217' title='bbox 553 2961 611 3021; x_wconf 90' lang='lat' dir='ltr'>iam</span> <span class='ocrx_word' id='word_1_218' title='bbox 627 2960 704 3022; x_wconf 90' lang='lat' dir='ltr'>tauri</span> <span class='ocrx_word' id='word_1_219' title='bbox 719 2967 813 3035; x_wconf 88' lang='lat' dir='ltr'>ponet</span> <span class='ocrx_word' id='word_1_220' title='bbox 828 2977 977 3024; x_wconf 72' lang='lat' dir='ltr'>amorem2</span> 
     </span>
     <span class='ocr_line' id='line_1_35' title="bbox 239 3041 994 3118; baseline 0.003 -18"><span class='ocrx_word' id='word_1_221' title='bbox 239 3043 285 3101; x_wconf 91' lang='lat' dir='ltr'>Da</span> <span class='ocrx_word' id='word_1_222' title='bbox 298 3041 482 3117; x_wconf 88' lang='lat' dir='ltr'>Phaedram,</span> <span class='ocrx_word' id='word_1_223' title='bbox 504 3044 662 3105; x_wconf 87' lang='lat' dir='ltr'>Phaedrae</span> <span class='ocrx_word' id='word_1_224' title='bbox 676 3045 773 3118; x_wconf 87' lang='lat' dir='ltr'>turpis</span> <span class='ocrx_word' id='word_1_225' title='bbox 788 3044 881 3104; x_wconf 89' lang='lat' dir='ltr'>abibit</span> <span class='ocrx_word' id='word_1_226' title='bbox 900 3061 994 3107; x_wconf 87' lang='lat' dir='ltr'>amor.</span> 
     </span>
     <span class='ocr_line' id='line_1_36' title="bbox 152 3125 1086 3202; baseline 0.001 -14"><span class='ocrx_word' id='word_1_227' title='bbox 152 3135 189 3188; x_wconf 82' lang='grc'>55</span> <span class='ocrx_word' id='word_1_228' title='bbox 201 3125 307 3186; x_wconf 86' lang='lat' dir='ltr'>Redde</span> <span class='ocrx_word' id='word_1_229' title='bbox 321 3125 421 3186; x_wconf 84' lang='lat' dir='ltr'>Parim</span> <span class='ocrx_word' id='word_1_230' title='bbox 435 3127 541 3200; x_wconf 86' lang='lat' dir='ltr'>nohis,</span> <span class='ocrx_word' id='word_1_231' title='bbox 562 3129 698 3188; x_wconf 89' lang='lat' dir='ltr'>Helenen</span> <span class='ocrx_word' id='word_1_232' title='bbox 712 3127 870 3188; x_wconf 87' lang='lat' dir='ltr'>Menelaus</span> <span class='ocrx_word' id='word_1_233' title='bbox 884 3128 1017 3202; x_wconf 88' lang='lat' dir='ltr'>habebit,</span> <span class='ocrx_word' id='word_1_234' title='bbox 1082 3137 1086 3140; x_wconf 79' lang='grc'><em>“</em></span> 
     </span>
     <span class='ocr_line' id='line_1_37' title="bbox 239 3209 974 3285; baseline 0.005 -19"><span class='ocrx_word' id='word_1_235' title='bbox 239 3209 302 3268; x_wconf 90' lang='lat' dir='ltr'>Nec</span> <span class='ocrx_word' id='word_1_236' title='bbox 317 3209 455 3270; x_wconf 89' lang='lat' dir='ltr'>manibus</span> <span class='ocrx_word' id='word_1_237' title='bbox 470 3210 585 3272; x_wconf 88' lang='lat' dir='ltr'>Danais</span> <span class='ocrx_word' id='word_1_238' title='bbox 600 3210 747 3285; x_wconf 83' lang='lat' dir='ltr'>Pergama</span> <span class='ocrx_word' id='word_1_239' title='bbox 760 3211 842 3271; x_wconf 88' lang='lat' dir='ltr'>victa</span> <span class='ocrx_word' id='word_1_240' title='bbox 857 3213 974 3272; x_wconf 90' lang='lat' dir='ltr'>cadent.</span> 
     </span>
     <span class='ocr_line' id='line_1_38' title="bbox 197 3291 876 3372; baseline 0.007 -23"><span class='ocrx_word' id='word_1_241' title='bbox 197 3291 335 3366; x_wconf 63' lang='lat' dir='ltr'>impia‘si</span> <span class='ocrx_word' id='word_1_242' title='bbox 349 3301 471 3355; x_wconf 87' lang='lat' dir='ltr'>nostros</span> <span class='ocrx_word' id='word_1_243' title='bbox 487 3295 614 3368; x_wconf 82' lang='lat' dir='ltr'>legisset</span> <span class='ocrx_word' id='word_1_244' title='bbox 628 3294 733 3372; x_wconf 82' lang='lat' dir='ltr'>Scylla</span> <span class='ocrx_word' id='word_1_245' title='bbox 746 3294 876 3367; x_wconf 91' lang='lat' dir='ltr'>libellos,</span> 
     </span>
     <span class='ocr_line' id='line_1_39' title="bbox 239 3376 866 3454; baseline 0.005 -20"><span class='ocrx_word' id='word_1_246' title='bbox 239 3376 400 3437; x_wconf 88' lang='lat' dir='ltr'>Haesisset</span> <span class='ocrx_word' id='word_1_247' title='bbox 415 3377 506 3454; x_wconf 90' lang='lat' dir='ltr'>capiti</span> <span class='ocrx_word' id='word_1_248' title='bbox 521 3393 669 3454; x_wconf 88' lang='lat' dir='ltr'>purpura,</span> <span class='ocrx_word' id='word_1_249' title='bbox 692 3377 779 3450; x_wconf 90' lang='lat' dir='ltr'>Nise,</span> <span class='ocrx_word' id='word_1_250' title='bbox 803 3385 866 3438; x_wconf 89' lang='lat' dir='ltr'>tuo.</span> 
     </span>
    </p>
   </div>
   <div class='ocr_carea' id='block_1_3' title="bbox 0 0 1254 4008">
    <p class='ocr_par' dir='ltr' id='par_1_3' title="bbox 0 0 1254 4008">
     <span class='ocr_line' id='line_1_40' title="bbox 0 0 1254 4008; baseline 0 0"><span class='ocrx_word' id='word_1_251' title='bbox 0 0 1254 4008; x_wconf 95' lang='lat' dir='ltr'> </span> 
     </span>
    </p>
   </div>
  </div>
 </body>
</html>
