2488 4006
382 313 446 385 Xll.
468 313 629 374 MEDEA
649 311 829 376 37-112.
1060 313 1122 379 tlt

141 473 174 528 75
187 465 319 525 Perdere
333 479 431 542 posse
445 471 493 524 sal
507 471 568 536 est,
591 465 711 539 siquem
726 467 809 527 iuvet
822 467 892 542 ipsa
906 475 1060 543 potestas:

228 547 291 609 Sed
305 548 359 606 libi
375 555 514 607 servatus
526 549 627 622 glorie
643 549 740 608 maior
754 565 827 610 ero.-

183 631 241 691 Per
255 633 336 692 mala
349 639 455 692 nostra
470 647 594 706 precor,
617 647 747 708 quorum
763 641 852 708 potes
867 651 939 696 esse
953 637 1101 713 levamen,

225 715 283 774 Per
297 731 394 790 genus
410 722 440 776 et
453 731 564 774 numen
580 723 689 777 cuncta
704 717 835 798 videntis
851 720 910 793 avi,

182 799 241 858 Per
253 798 381 875 triplicis
398 801 500 860 vultus
515 815 690 876 arcanaque
706 817 794 860 seem
808 803 933 878 Dianae,

139 891 175 944 80
227 883 265 942 Et
282 883 308 943 si
323 883 401 943 lorte
417 884 538 957 aliquos
551 899 629 958 gens
643 885 736 944 habet
750 886 810 945 ista
825 887 918 946 deos:

184 966 207 1027 Ο
224 967 325 1041 virgo,
349 968 584 1039 misereremei,
603 968 750 1028 miserere
763 979 916 1030 meorum:

213 1050 320 1108 ‘Effice
335 1067 384 1108 me
398 1051 512 1110 meritis
527 1057 649 1126 tempus
665 1052 695 1110 in
711 1067 801 1112 omne
816 1060 915 1113 tuum!

182 1133 271 1206 Quod
286 1134 313 1192 si
331 1133 409 1194 forte
423 1134 521 1192 vlrunr
536 1151 598 1194 non
616 1135 784 1208 dedignare
798 1136 999 1212 Pelasgum...

225 1216 287 1276 Sed
303 1216 374 1276 milri
390 1223 451 1276 tum
467 1217 573 1276 faciles
588 1217 670 1277 unde
684 1233 835 1292 meosque
846 1221 978 1280 deost...

139 1309 173 1363 81
185 1299 316 1376 Spiritus
331 1307 401 1359 aute
415 1315 502 1360 meus
518 1307 627 1360 tenues
642 1309 790 1362 vanescat
804 1303 835 1360 in
851 1319 953 1376 aures,

225 1385 320 1459 Quam
335 1384 485 1458 thalamo,
508 1384 567 1444 nisi
582 1392 631 1458 tu,
654 1391 748 1460 nupta
763 1386 802 1445 sit
814 1379 878 1446 ulla
892 1401 976 1447 meo:

183 1467 315 1528 Conscia
330 1469 368 1527 sit
381 1469 474 1543 luno,
497 1469 595 1528 sacris
611 1469 767 1544 praelecta
781 1471 905 1542 maritis

223 1551 261 1612 Et
276 1551 349 1624 dea,
373 1567 544 1611 marmorea
558 1553 645 1612 cuius
660 1552 690 1612 in
709 1553 787 1612 aede
802 1569 908 1614 sumus
917 1558 936 1611 ι’
960 1603 980 1632 ·.
1062 1558 1121 1632 [lae

180 1635 265 1694 Haec
277 1636 439 1695 animum...
452 1642 482 1694 et
489 1642 582 1710 quota
592 1651 666 1710 pars
678 1637 756 1698 baec
767 1647 837 1697 sunt
844 1645 889 1697 1...
903 1655 1027 1698 movere
1037 1640 1115 1714 puel-

121 1727 174 1782 x90
227 1717 404 1793 simplicis,
420 1725 451 1778 et
464 1719 590 1778 dextrae
604 1720 731 1780 dextera
746 1720 849 1782 iuncta
864 1737 960 1782 meae.

181 1803 253 1862 Vidi
268 1801 359 1862 etiarn
374 1803 526 1862 lacrimas.
549 1819 587 1862 an
603 1819 677 1876 pars
692 1811 740 1864 est
754 1805 872 1866 fraudis
885 1805 915 1864 in
929 1805 1010 1866 llllsr

225 1885 276 1946 Sic
293 1886 351 1946 cito
368 1903 435 1946 sum
449 1885 554 1946 verbIs
570 1894 659 1961 capta
674 1889 778 1962 puella
791 1889 861 1948 tuis.

182 1970 284 2044 Iungis
300 1977 331 2029 et
344 1970 506 2045 aeripedes
519 1969 662 2030 inadusto
677 1986 809 2046 corpore
822 1979 927 2032 tauros
1006 2034 1008 2038 .

222 2053 260 2113 Et
275 2054 406 2114 solidam
421 2055 507 2114 iusso
524 2069 649 2114 vomere
662 2055 754 2114 findis
769 2055 905 2116 humum.

140 2146 174 2199 95
186 2141 271 2197 Arva
284 2139 444 2198 venenatis
459 2155 515 2213 pro
533 2137 650 2198 semine
665 2138 807 2200 dentibus
824 2140 952 2214 imples:

223 2221 364 2282 Nascitur
378 2229 408 2280 et
421 2221 542 2296 gladios
559 2228 707 2297 sciamque
721 2222 809 2282 miles
822 2223 923 2282 habet.

181 2305 255 2381 lpsa
270 2320 342 2380 ego,
367 2321 447 2380 quae
463 2306 608 2365 dederam
623 2306 840 2379 medicamina,
865 2306 980 2380 pallida
994 2307 1069 2380 sedi,

225 2390 299 2450 Cum
313 2389 376 2448 vidi
392 2387 511 2449 subitos
528 2405 611 2448 arma
626 2387 729 2449 tenere
744 2390 843 2450 viros:

182 2474 288 2533 Donec
302 2475 492 2548 terrigenae..
509 2473 627 2532 lacinus
642 2473 815 2532 mirabilet..
838 2473 946 2532 iratres

118 2567 169 2618 100
221 2559 302 2618 Inter
317 2573 351 2617 se
365 2559 485 2618 strictas
498 2572 684 2618 conseruere
695 2573 815 2617 manus.

182 2641 314 2716 Insopor
329 2655 402 2700 ecce
419 2641 489 2716 vigil
507 2643 643 2716 squamis
660 2641 877 2716 crepitantibus
893 2639 1022 2699 horrens

225 2723 347 2798 Sibilat,
370 2733 399 2784 et
413 2733 492 2786 torto
508 2733 633 2800 pectore
649 2726 741 2784 verrit
755 2725 889 2785 humum.

181 2809 268 2868 Dotis
284 2825 361 2884 opes
375 2805 547 2869 ubi‘erant'l
569 2808 620 2868 ubi
638 2816 703 2868 erat
716 2809 771 2868 tibi
785 2808 870 2882 regia
885 2805 1027 2879 coniunx,

225 2892 342 2966 Quique
358 2894 449 2954 uraris
464 2893 575 2967 gemini
591 2892 715 2952 distinet
727 2893 860 2952 Isthmos
875 2896 994 2965 aquast

117 2977 235 3036 11111113
249 2991 322 3051 ego,
346 2993 426 3051 quae
439 2977 493 3036 tibi
509 2993 575 3036 sum
592 2989 672 3036 nunc
688 2977 821 3051 denique
835 2973 966 3034 barbara
981 2975 1071 3048 lacta,

223 3060 310 3120 Nunc
325 3060 378 3120 tibi
394 3077 460 3121 sum
476 3076 609 3135 pauper,
631 3075 713 3119 nunc
725 3060 779 3119 tibi
794 3061 863 3119 visa
877 3073 1003 3132 nocane,

180 3143 334 3203 Flammea
349 3144 482 3205 subduxi
499 3145 649 3204 medicato
664 3144 779 3203 lumina
793 3157 913 3215 somno,
948 3145 950 3150 ’

223 3228 260 3287 Et
273 3227 341 3301 tibi,
365 3245 444 3304 quae
459 3243 602 3302 raperes,
626 3228 741 3287 vellera
755 3233 817 3288 tuta
829 3226 912 3287 dedi.

180 3311 322 3372 Proditus
338 3320 385 3373 est
399 3313 532 3387 genitor,
556 3327 682 3386 regnum
697 3312 889 3386 patriamque
902 3307 1021 3381 reliqui,
1098 3349 1099 3356 ,

116 3405 170 3457 llll
222 3395 334 3455 Munus
350 3396 380 3454 in
396 3397 487 3457 exilio
505 3395 662 3470 quodlibet
677 3409 750 3454 esse
763 3393 828 3452 tuli.
933 3426 934 3432 κ

180 3479 346 3553 Virginitas
362 3480 442 3540 lacta
457 3486 504 3540 est
518 3477 671 3554 peregrini
690 3476 805 3550 praeda
820 3475 954 3533 latronis.

225 3562 345 3638 Optima
360 3580 427 3623 cum
443 3579 514 3623 cara
530 3569 625 3622 matre
639 3560 744 3620 relicta
758 3573 858 3618 soror.
914 3641 952 3700 8*
