2472 4010
143 231 184 296 56
554 229 755 290 AMORUM

185 385 329 448 lucrecio
347 383 438 445 etiam
450 397 595 456 magnos,
621 397 683 458 quo
699 397 767 452 sum
784 389 843 441 tam
858 383 985 460 turpiter
999 403 1095 459 usus,

269 467 406 528 Muneris
423 465 516 537 oblati
531 466 722 542 paenituisse
738 467 825 532 deos.

228 553 376 628 Optabam
391 557 473 610 certe
489 551 594 625 recipi.
625 566 693 610 sum
708 565 821 624 nempe,
833 562 992 628 receptusr
1021 604 1023 608 ,

270 636 383 696 Oscula
397 634 484 693 lerre'.
511 635 574 694 tuli.
603 633 761 708 proximus
778 651 859 694 esse.
890 638 942 698 lui.

227 721 292 794 Quo
308 719 381 777 mihi
396 719 535 777 fortunae
549 725 686 778 tantum?
708 734 768 791 quo
784 735 880 793 regua
895 723 962 782 sine
979 730 1058 783 usu?

185 815 219 867 50
272 804 370 877 Quid,'
386 799 446 860 nisi
464 794 593 876 possedi
610 802 698 860 dives
714 817 825 862 avarus
842 812 942 880 opest

152 938 155 943 .
226 887 277 948 Sic
291 893 356 946 oret
369 883 478 971 mediis
494 886 574 944 taciti
592 887 730 960 vulgator
743 886 774 943 in
789 887 896 960 undis,

266 970 421 1045 Pomaque
438 984 516 1042 qrroe
531 970 615 1028 nullo
631 976 769 1043 tempore
783 975 900 1046 terget,
922 971 1023 1033 habet.

223 1060 252 1115 A
265 1064 370 1115 tenera
388 1052 548 1128 quisquam
568 1052 614 1112 sic
629 1053 726 1127 surgit
739 1069 829 1113 moue
844 1057 960 1130 puella,

265 1138 405 1198 Protinus
423 1144 456 1196 ut
470 1142 594 1196 sanctos
608 1138 710 1212 possit
727 1136 812 1196 edire
828 1138 926 1198 deos?

181 1233 214 1285 55
228 1221 290 1283 Sed
305 1238 367 1280 non
382 1221 510 1294 blande,
534 1228 624 1294 puto,
648 1235 710 1280 non
726 1223 839 1295 optime
857 1223 989 1297 perdidit
1006 1224 1035 1282 in
1052 1239 1105 1283 me

266 1306 400 1366 Oscula?
422 1322 482 1366 non
499 1304 581 1364 omni
597 1305 771 1364 sollicitavit
785 1312 869 1381 opet

222 1391 277 1450 lllu
290 1401 400 1464 graves
415 1388 513 1463 potuit
528 1403 661 1463 quercus
676 1389 901 1463 adamantaque
917 1392 1023 1450 durum

266 1473 427 1546 Surdaque
441 1471 596 1530 blanditiis
613 1487 690 1532 saxa
704 1487 831 1532 movere
850 1475 924 1533 suis.

221 1559 320 1634 Digna
333 1571 459 1615 movere
475 1557 530 1615 luit
546 1562 629 1623 certe
649 1557 802 1631 vivosque
818 1557 977 1632 virosque=

179 1651 214 1704 60
268 1641 330 1701 Sed
345 1655 446 1714 neque
460 1647 523 1699 tum
537 1641 615 1708 uxi,
638 1655 696 1698 nec
710 1641 771 1713 vir,
795 1649 925 1717 utente,
949 1641 1001 1700 lui.

222 1726 300 1800 Quid
315 1724 412 1797 iuvet,
435 1723 475 1782 ad
489 1723 600 1781 surdas
616 1723 640 1780 si
659 1729 761 1784 cantet
774 1723 916 1784 Phemius
933 1731 1044 1784 euresr

143 1875 146 1880 ,
264 1809 342 1882 Quid
356 1806 502 1873 miserum
516 1807 690 1881 Thamyran
707 1807 789 1882 picto
802 1808 914 1866 tabella
928 1808 1030 1868 iuvatt

220 1895 261 1953 At
277 1908 355 1966 quae
369 1907 431 1950 non
447 1893 538 1958 tacito
553 1891 681 1949 formavi
696 1891 808 1965 gaudia
821 1899 938 1951 mente!

263 1976 345 2049 Quos
358 1991 420 2050 ego
436 1991 499 2034 non
517 1973 592 2034 tinxi
607 1973 812 2048 disposuique
829 1976 958 2036 modos!

177 2071 211 2124 65
223 2061 333 2120 Nostro
347 2066 447 2118 temen
463 2059 599 2132 iacuere,
622 2059 705 2118 velut
720 2067 927 2133 praemortua,
951 2059 1087 2120 membru

259 2143 412 2218 Turpiter,
434 2142 580 2202 hesterna
593 2141 897 2216 languidiorurosar-
1038 2138 1039 2141 ’

220 2227 302 2300 Quae
315 2243 411 2299 nunc,
435 2241 523 2298 ecee,
543 2225 646 2299 vigent
659 2227 873 2300 intempestive
889 2226 1067 2302 valentquer

259 2311 346 2370 Nunc
362 2325 442 2384 opus
458 2317 632 2382 exposcunt
646 2310 843 2382 militiamque
857 2326 955 2370 suam.

218 2395 295 2468 Quin
311 2393 379 2452 istic
395 2392 574 2467 pudibunda
588 2393 688 2467 iaces,
712 2409 782 2468 pars
803 2393 939 2467 pessimo
955 2393 1067 2453 nostrl!

176 2485 210 2540 70
263 2477 314 2536 Sic
329 2493 396 2536 sum
411 2476 555 2550 pollicitis
571 2483 679 2551 captus
696 2484 728 2537 el
740 2483 811 2536 ante
826 2477 896 2537 tuis.

216 2562 260 2619 Tu
275 2560 431 2620 dominum
449 2560 539 2620 loliis.
571 2568 671 2635 perte
686 2561 858 2635 deprensus
875 2560 999 2621 inermis

257 2643 367 2704 Tristia
382 2659 449 2704 cum
464 2659 576 2717 magno
593 2644 705 2703 damna
719 2645 838 2718 pudore
853 2644 917 2704 tuli.

215 2728 301 2788 Hunc
318 2728 407 2787 etium
424 2734 550 2787 nonest
567 2743 635 2786 mea
650 2728 814 2801 dedignata
830 2729 931 2803 puella

176 2857 179 2864 .
257 2813 388 2874 llllolliler
402 2812 526 2872 admota
542 2812 707 2872 sollicitare
721 2819 834 2870 meru?

174 2903 207 2958 lo
220 2894 283 2955 Sed
299 2902 462 2971 postquem
477 2896 576 2954 nullas
595 2909 783 2970 consurgere
801 2909 897 2969 posse
913 2908 968 2968 per
983 2900 1080 2965 acteo,

257 2971 521 3052 inmemoremque
537 2980 584 3038 sui
601 2979 820 3054 procubuisse,
843 2978 941 3049 videt,

214 3061 306 3135 ‘Quid
321 3077 369 3124 me
383 3061 502 3121 ludist’
525 3062 580 3136 ait,
603 3063 686 3136 ‘quis
703 3069 748 3132 le,
770 3063 957 3134 malesane,
979 3058 1104 3120 iubebat

254 3146 385 3208 Invitum
400 3153 506 3205 nostro
523 3161 638 3221 ponere
651 3147 788 3205 membre
802 3153 893 3206 toro‘l

212 3231 274 3290 Aul
287 3237 317 3289 le
331 3230 464 3289 traiectis
475 3231 586 3290 ¹'Aeaeo
598 3230 738 3290 venefica
751 3228 831 3288 lunis

170 3322 206 3376 80
259 3313 422 3385 Devovet‚·
436 3319 487 3372 aut
501 3313 561 3372 elio
577 3315 679 3372 lassus
697 3328 801 3374 umore
819 3313 927 3371 venis!

211 3397 390 3468 Neomora,
414 3396 537 3456 desiluit
550 3397 652 3456 tunice
669 3397 767 3455 velata
782 3398 896 3456 solutu:

253 3479 291 3538 ltr
306 3480 409 3540 decuit
424 3480 526 3540 nudos
544 3479 737 3553 proripuisse
753 3479 861 3554 pedes.
