2498 4008
513 256 708 322 eol-676.
1059 263 1121 328 247

188 411 249 470 Nec
266 409 367 469 veniet
381 425 505 483 servus,
527 425 585 470 uec
599 410 678 471 flens
693 413 834 474 ancillula
847 413 950 474 fictum
1027 457 1029 462 .

125 502 176 558 611
229 491 411 567 Suppliciter
426 493 566 552 dominae
580 495 703 554 nomine
718 496 799 556 dicat
807 496 901 556 have.

186 575 290 634 Nessi
307 577 502 650 scirevoles,
525 576 599 650 quid
613 579 697 652 agat,
719 586 834 653 tamen,
857 579 923 657 illa,
945 581 1080 658 rogabis.

152 718 155 724 ,
228 657 345 718 Perfert
369 659 425 720 erit
438 661 522 720 lucro
537 659 639 736 lingua
652 668 769 722 retenta
783 671 845 724 tuo.

186 741 230 800 Tu
246 757 383 817 qnoque,
408 743 460 817 qui
475 758 597 803 cansam
613 744 688 804 finiti
702 745 808 808 reddis
824 748 946 823 amoris²

228 823 334 899 Deque
349 832 402 886 tua
415 827 538 886 domina
553 827 645 887 multa
660 829 816 903 querenda
830 831 935 908 refers,

122 914 173 969 645
183 906 277 967 Parce
294 908 389 982 queri.
411 908 518 970 melius
537 911 581 970 sic
595 911 744 972 ulciscere
758 913 898 990 tacendo,

173 1052 178 1062 ,
228 991 305 1050 Dum
320 992 481 1053 desideriis
498 992 603 1053 elilnat
615 995 666 1054 illa
678 995 749 1058 tuis.

179 1071 223 1132 111
236 1073 336 1132 malim
351 1082 471 1149 taceas,
493 1093 584 1150 quam
598 1083 628 1136 te
644 1077 765 1139 desisse
782 1082 934 1156 loquaris:
987 1123 995 1131 .

227 1155 284 1228 Qui
298 1157 421 1216 nimium
436 1159 535 1218 multis
551 1164 625 1218 ‘non
640 1165 721 1219 anro’
738 1162 825 1237 dicit,
846 1171 935 1224 amat.

185 1235 248 1292 Sed
262 1240 387 1296 meliore
401 1240 463 1296 fide
476 1243 620 1312 paulatim
634 1242 818 1318 extinguitur
833 1245 921 1320 ignis,

54 1313 55 1324 ¹
118 1325 172 1379 650
224 1316 318 1387 Quam
333 1317 443 1376 subito.
465 1322 545 1380 lente
561 1322 684 1394 desine,
705 1334 788 1386 tutus
804 1329 875 1388 eris.

182 1395 319 1457 Flumine
333 1407 482 1473 perpetuo
496 1408 616 1462 torrens
632 1405 711 1466 solet
725 1409 900 1469 acrius-irez

226 1478 288 1539 Sed
303 1487 403 1540 tamen
417 1482 494 1544 haec
507 1485 611 1545 brevis
626 1495 687 1560 est,
709 1490 760 1548 illa
775 1495 916 1566 perennis
932 1511 1022 1568 aqua.

182 1562 292 1637 Fallat,
314 1565 388 1624 etin
402 1573 509 1628 tenues
524 1569 672 1630 evanidus
689 1581 778 1632 exeat
794 1590 894 1651 auras,

223 1646 341 1720 Perque
355 1649 468 1720 gradus
486 1652 593 1710 molles
609 1655 772 1716 emoriatur
786 1673 880 1719 amer.

118 1737 170 1791 655
182 1727 243 1788 Sed
262 1728 355 1789 modo
371 1730 510 1792 dilectam
526 1735 627 1796 scelus
643 1745 689 1797 est
704 1740 809 1802 odisse
825 1744 966 1816 puellam.

54 1824 55 1836 ¹
223 1809 330 1872 Exitus
346 1813 476 1886 ingeniis
491 1817 635 1877 convenit
648 1820 705 1881 iste
720 1825 803 1884 ieris.

181 1894 248 1954 Non
265 1910 371 1955 curare
386 1903 433 1956 sat
448 1906 504 1958 est.
526 1900 598 1960 edio
614 1904 665 1976 qui
680 1904 745 1964 linit
758 1923 903 1978 amorem,

173 2038 175 2044 ,
223 1977 393 2052 Autamat,
415 1987 467 2040 aut
481 1977 572 2058 aegre
587 1985 707 2046 desinet
722 2003 793 2050 csse
808 1991 911 2051 miser:

180 2058 282 2132 turpe
298 2062 347 2120 vir
361 2069 390 2121 et
404 2063 524 2138 mulier,
545 2067 636 2128 iuncti
654 2071 762 2146 modo,
785 2074 922 2146 protinus
939 2076 1060 2138 hostes,

116 2149 169 2203 660
221 2141 288 2200 Non
302 2144 370 2204 illas
384 2146 452 2206 lites
467 2149 585 2224 Appias
601 2138 670 2225 ipsa
686 2155 803 2228 probat.

180 2221 280 2298 Saepe
296 2229 506 2302 mastacium,
528 2240 558 2292 et
571 2242 682 2294 amant.
712 2237 770 2313 Ubi
786 2238 869 2299 nulla
883 2242 1022 2302 simultas

221 2306 342 2381 Incidit,
366 2311 519 2373 admonitu
534 2315 609 2376 liber
623 2318 743 2380 aberrat
756 2337 850 2381 amor.

151 2417 156 2424 ,
179 2387 269 2448 Forte
285 2391 407 2451 aderam
422 2395 534 2455 iuveni.
556 2399 708 2460 dominam
726 2404 833 2464 lectica
847 2407 983 2469 tenebat:

55 2539 58 2546 ι
221 2472 391 2536 Horrebant
406 2477 510 2537 saevis
529 2482 629 2542 omnia
643 2483 738 2542 verba
751 2487 851 2546 minis.

114 2561 166 2616 665
178 2554 301 2630 lamque
317 2558 480 2620 vadaturus
499 2562 619 2624 ‘lectica
633 2566 774 2640 prodeet'
792 2569 898 2644 inquit.

219 2637 384 2700 Prodicrat.
407 2641 474 2702 visa
491 2647 621 2721 coniuge
635 2657 736 2710 mutus
751 2660 824 2713 erat.

177 2720 214 2780 Et
228 2737 336 2782 manus
351 2734 381 2784 et
395 2727 533 2792 manibus
549 2730 694 2806 duplices
704 2735 844 2796 cecidere
857 2738 997 2814 tabellae,

219 2805 354 2878 venitin
369 2812 544 2886 amplexus,
565 2823 656 2889 atque
673 2817 714 2876 ita
728 2819 852 2880 ‘vincis’
869 2822 919 2882 ait.

91 2915 133 2928 --
176 2885 280 2945 Tutius
296 2893 343 2948 e'st
357 2899 521 2968 aptumque
535 2901 647 2972 magis,
672 2901 833 2962 discedere
846 2920 935 2982 pace,

91 2971 187 3027 —670
216 2967 278 3026 Nec
292 2978 398 3043 petere
412 2992 430 3034 a
443 2976 583 3040 thalamis
598 2981 731 3056 litigiosa
744 2985 820 3045 lura.

175 3048 300 3110 Munere
318 3071 396 3128 quae
411 3058 557 3135 dederas,
580 3064 690 3125 habeat
705 3069 770 3128 sine
786 3070 854 3144 lite,
876 3070 996 3132 iubeto:

215 3131 294 3193 Esse
309 3138 408 3199 solent
422 3157 532 3217 magno
548 3147 658 3210 damna
672 3151 790 3212 minora
802 3149 908 3218 bonoss.

175 3213 260 3288 Quod
276 3217 375 3280 sivos
391 3223 501 3299 aliquis
519 3245 610 3290 casus
626 3233 776 3293 conducet
790 3235 819 3294 in
835 3253 938 3309 unum,

214 3297 315 3360 Mente
333 3319 449 3366 memor
463 3316 527 3369 tcta
542 3329 619 3386 quae
635 3315 741 3378 damus
757 3331 861 3392 arma,·
878 3326 959 3378 tenc.

108 3385 159 3440 675
171 3381 256 3442 Nunc
272 3400 349 3460 opus
364 3396 411 3450 est
425 3393 526 3452 armis.
549 3393 613 3469 hic,
636 3413 653 3457 ο
670 3400 847 3475 fortissime,
873 3419 993 3478 pugna:

213 3466 373 3532 Vincenda
388 3480 434 3534 est
447 3477 508 3536 telo
523 3476 714 3542 Penthesilea
729 3490 792 3544 tuo.
