2498 4008
469 270 510 343 11,
531 264 729 330 rer-sot.
999 269 1007 294 ³
1044 271 1106 333 ror
1161 243 1164 250 ’

107 427 160 488 170
212 421 308 495 Inque
323 416 396 478 suas
411 426 514 494 partes
531 419 623 478 cessit
637 417 728 480 inane
742 413 847 481 chaos.

173 501 256 562 Silva
271 504 367 576 teras,
390 503 532 563 volucres
548 517 601 560 aer
615 503 734 578 accepit
747 503 915 577 habendae,
962 574 966 579 ¹
1008 547 1010 550 -

212 588 246 646 In
260 585 376 660 liquida
390 586 493 660 pisces
509 584 669 645 delituistis
685 602 775 660 equa.

170 669 244 728 Tum
259 685 357 744 genus
372 669 534 728 humanum
551 670 625 728 solis
641 669 761 730 errabat
774 672 804 729 in
819 670 910 744 agris,

213 753 310 826 quue
325 767 426 811 merae
441 753 524 810 vires
540 759 570 812 et
585 753 661 811 rude
676 768 789 828 corpus
807 760 879 813 erat.

106 842 158 896 475
171 835 255 895 Silva
271 836 379 895 domus
395 835 507 908 iuerat,
530 835 616 894 cibus
631 835 740 911 herba,
763 835 873 896 cubilia
887 836 1030 898 frondes:

200 920 338 993 lamque
353 919 405 978 diu
419 918 492 977 nulli
507 919 646 992 cognitus
661 920 736 978 alter
750 927 824 979 erat.

170 1001 289 1061 Blanda
303 1009 406 1062 truces
421 1000 538 1060 animos
554 1002 646 1060 lertur
660 1002 796 1061 mollisse
810 1004 961 1077 voluptas.

214 1084 414 1144 Constiterant
428 1099 488 1142 uno
503 1085 614 1142 semina
628 1085 737 1156 virque
750 1087 830 1144 loco.

172 1167 246 1239 Quid
263 1168 411 1238 iacerent,
434 1166 494 1239 ipsi
508 1167 589 1224 nullo
605 1165 740 1225 didicere
755 1167 909 1240 magistro.
953 1230 956 1237 ,

105 1256 158 1310 480
210 1251 283 1307 Arte
299 1263 395 1307 venus
410 1248 492 1306 nulla
506 1247 595 1307 dulce
611 1247 727 1321 peregit
741 1263 830 1322 opus.

168 1332 243 1389 Ales
257 1329 363 1403 habet,
387 1330 471 1404 quod
485 1337 573 1390 amet.
595 1346 663 1389 cum
679 1347 739 1405 quo
754 1347 809 1390 sua
822 1329 935 1405 gaudia
949 1331 1065 1408 iungat,

211 1414 328 1473 Invenit
341 1415 371 1472 in
385 1414 486 1473 media
500 1413 612 1472 femina
626 1414 721 1488 piscis
737 1431 827 1489 aqua.

82 1507 88 1515 ·
171 1495 267 1555 Cerva
284 1511 388 1571 parem
404 1498 550 1571 sequitur.
573 1512 702 1571 serpens
717 1505 860 1572 serpente
873 1504 1005 1557 tenetur=

211 1580 322 1639 Haeret
336 1579 483 1639 adulterio
499 1595 567 1638 cum
582 1595 658 1638 cane
672 1597 753 1640 nexa
769 1582 874 1640 canis.-

103 1662 258 1724 48111111
274 1662 379 1721 salitur
394 1662 470 1721 ovis.
492 1669 578 1720 tauro
595 1679 718 1737 quoquc
732 1663 811 1723 laete
825 1665 954 1723 iuuenca
969 1672 1033 1724 est:

212 1744 346 1805 Sustinet
360 1744 536 1802 inmundum
552 1745 629 1803 sima
641 1747 759 1819 capella
772 1761 895 1805 merem.

168 1828 201 1886 ln
219 1829 313 1888 lorias
329 1828 480 1901 agitantur
493 1841 606 1901 equae,
629 1827 791 1901 spatioque
803 1836 920 1889 remota

211 1910 268 1970 Per
282 1912 351 1970 loca
366 1909 509 1969 dividuos
521 1907 614 1969 'amne
626 1917 771 1970 secuntur
786 1926 894 1984 equos.

135 2041 136 2050 ,
167 1994 248 2068 Ergo
264 2010 321 2068 age
336 2000 365 2054 et
378 1993 472 2054 iratae
485 1993 686 2052 medicamina
703 1993 792 2053 tortia
807 1993 929 2068 praebe.

102 2085 155 2139 190
207 2077 261 2136 1111
276 2077 332 2135 feri
346 2077 482 2152 requiem
498 2078 564 2135 sola
580 2076 695 2135 doloris
709 2076 835 2135 habent:

166 2160 220 2218 llla
234 2157 433 2219 Machaonios
450 2166 595 2233 superant
611 2159 812 2218 medicamina
828 2173 934 2220 sucos=

208 2243 278 2315 His,
300 2241 352 2300 ubi
367 2243 520 2316 peccaris,
541 2243 746 2301 restituendus
761 2241 832 2302 eris.

166 2326 250 2384 Haec
264 2340 321 2399 ego
337 2341 407 2384 cum
421 2338 576 2398 canerem,
599 2325 698 2386 subito
713 2326 891 2385 manifestus
906 2327 1023 2400 Apollo

208 2409 304 2468 Movit
316 2408 471 2467 inauratae
485 2407 597 2482 pollice
611 2408 662 2467 iile
678 2410 775 2485 lyme.

101 2496 154 2554 tes
164 2491 197 2549 111
213 2490 353 2551 manibus
367 2491 486 2564 111111,
508 2491 605 2550 sacris
619 2491 743 2552 inducte
758 2491 874 2565 capillis

207 2575 324 2633 Laurus
340 2581 412 2633 erat.
434 2581 520 2633 vates
536 2573 586 2632 ille
599 2574 751 2633 videndus
768 2575 838 2647 agit.

164 2655 195 2715 ls
210 2657 284 2716 mihi
298 2657 442 2716 ‘Lascivi'
459 2658 533 2715 dixit
549 2660 744 2731 ‘praeceptor
757 2656 889 2727 Amoris,

206 2740 289 2812 Duc,
312 2755 384 2814 ege,
406 2740 575 2815 discipulos
591 2739 630 2798 ad
645 2754 713 2800 mea
727 2742 840 2813 tempta
853 2746 952 2807 tuos,·

163 2822 218 2882 Est
231 2823 284 2882 ubi
299 2824 453 2883 diversum
470 2823 549 2882 fama
564 2822 715 2882 celebrata
729 2838 784 2897 per
799 2822 903 2882 orbem

100 2916 153 2968 500
204 2905 330 2978 Littera,
356 2907 501 2980 cognosci
517 2905 668 2981 quaesibi
684 2920 834 2980 quemque
849 2903 941 2963 iubet.
1010 2976 1014 2985 Ι

165 2987 220 3061 oui
234 2988 292 3048 sibi
306 2994 396 3048 notus
412 2987 481 3061 erit,
504 2990 589 3051 solus
605 2988 759 3063 sapienter
773 2987 893 3062 amabit,

206 3072 308 3145 Atque
324 3088 402 3147 opus
418 3072 458 3131 ad
472 3072 554 3132 vires
570 3072 670 3146 exiget
686 3087 775 3130 omne
791 3087 874 3130 suas.
910 3109 912 3114 -

165 3153 219 3213 Cui
234 3155 342 3214 faciem
359 3162 467 3215 natura
483 3155 580 3228 dedit,
603 3161 758 3229 spectetur
773 3152 811 3214 ab
826 3154 891 3212 illas

208 3236 261 3297 Cui
277 3238 362 3298 color
375 3245 436 3310 cst,
458 3255 563 3298 umero
581 3253 675 3312 saepe
691 3243 813 3312 patente
827 3235 931 3294 cubet:
977 3305 978 3314 ἵ

98 3318 219 3394 105911
234 3336 375 3382 sermone
391 3323 504 3396 placet,
527 3323 673 3381 taciturna
691 3319 810 3379 silentia
826 3317 912 3382 vitctz

207 3403 359 3477 Quicanit
375 3413 452 3479 arte,
477 3410 572 3464 canat.
597 3403 648 3478 qui
662 3402 738 3462 bibit
752 3409 829 3471 arte,
854 3399 947 3457 bibat.

164 3486 229 3547 Sed
243 3503 345 3564 neque
360 3487 529 3548 declament
542 3487 643 3547 medio
661 3500 801 3546 sermone
817 3482 933 3556 diserti,
