2488 4006
145 216 191 284 96
387 239 389 244 ·
536 207 783 276 nepotulis

275 361 427 439 Respergi
445 367 568 432 nostro,
588 375 699 436 sparsa
714 375 822 420 cruore
836 359 903 420 viri.
971 415 973 420 .

233 447 409 509 Ponedeos
425 453 455 505 61
470 459 550 520 quae
564 445 718 520 tangendo
733 459 822 504 sacra
836 445 1000 520 prolanasi
1051 517 1061 524 -

59 587 62 599 ,
172 543 223 598 130
274 532 342 592 Non
356 530 435 590 bene
450 529 591 588 caelestis
607 528 701 603 impia
716 528 823 590 dextra
840 529 921 588 colit.
1011 575 1014 581 ⁴

237 616 269 677 Si
283 622 313 674 tu
330 615 428 682 cultor
442 628 512 673 eras
527 613 642 694 elapsis
658 613 728 686 igne
743 610 871 686 iuturus,
964 656 965 659 ¹

162 754 164 758 ,
274 698 413 782 Paenitet
429 697 555 774 elapsos
571 695 692 770 ignibus
708 711 779 755 esse
794 695 882 756 deos.

235 781 377 844 Forsitan
391 788 421 840 et
435 779 593 853 gravidam
608 779 717 850 Didon,
730 779 890 854 scelerate,
908 779 1075 856 relinquas,

277 865 415 938 Parsque
429 863 473 923 tui
487 863 580 923 lateat
594 877 724 936 corpore
739 864 845 922 clausa
860 878 941 924 meo.
1010 925 1013 930 ,

174 959 223 1014 115
235 949 373 1010 Accedet
386 946 456 1006 latis
474 943 578 1006 matris
594 944 777 1006 miserabilis
791 946 903 1022 inians,

277 1033 316 1092 Et
329 1031 466 1093 nondum
481 1031 543 1089 nati
558 1031 673 1089 funeris
688 1036 794 1090 auctor
808 1030 886 1090 eris:

237 1115 373 1190 Cumque
389 1120 516 1189 parente
531 1129 588 1177 suu
603 1113 695 1172 irater
709 1113 854 1174 morietur
868 1110 932 1189 Iuli,

278 1199 444 1273 Poenaque
460 1212 597 1259 conexos
613 1197 730 1266 auferet
743 1213 805 1256 una
820 1197 911 1258 duos.

222 1295 224 1300 ·
238 1283 302 1344 Sed
316 1281 399 1342 iubet
413 1281 458 1340 ire
473 1280 560 1340 deus.
592 1281 727 1355 Vellem,
750 1280 896 1341 vetuisset
913 1281 1008 1354 adire,

173 1375 226 1431 too
278 1366 392 1426 Punica
407 1379 464 1424 nec
478 1363 603 1430 Teucris
619 1379 730 1438 pressa
745 1365 855 1424 luisset
868 1363 988 1434 humus.

236 1451 304 1512 lloc
319 1449 399 1509 duce
414 1463 525 1523 nempe
539 1448 598 1508 deo
616 1447 714 1506 ventis
729 1447 853 1522 agitaris
868 1449 991 1523 iniquis

278 1533 316 1592 Et
329 1533 403 1594 teris
417 1533 450 1592 in
463 1530 572 1606 rapido
589 1537 728 1610 tempora
743 1532 836 1606 longa
850 1530 948 1592 fretot

235 1618 383 1691 Pergama
398 1615 450 1676 vix
462 1621 546 1675 tanto
561 1613 615 1674 tibi
629 1620 716 1674 erant
731 1615 899 1690 repetenda
912 1616 1027 1688 labore,

234 1745 236 1748 -
278 1701 409 1760 Hectore
424 1699 452 1758 si
465 1699 537 1758 vivo
553 1705 666 1774 quanta
681 1699 779 1771 luere,
801 1698 916 1758 forent!
1230 1727 1231 1756 3

174 1791 225 1846 145
236 1785 302 1844 Non
319 1783 449 1860 patrium
464 1782 622 1842 Simo'e'nta
638 1782 731 1856 petis,
755 1781 813 1841 scd'
826 1781 998 1859 Thybridas
1014 1781 1127 1844 undas.
1230 1801 1231 1804 ¹

276 1869 392 1941 Nempe
406 1874 440 1927 ut
452 1865 615 1942 pervenias
632 1881 694 1942 quo
711 1865 813 1940 cupis,
835 1863 951 1942 hospes
968 1865 1038 1926 eris.

237 1951 338 2026 thue
352 1952 424 2011 latet
435 1951 573 2026 vitatque
588 1957 655 2012 tuas
670 1950 814 2010 abstrusa
829 1951 958 2024 carinus,

278 2034 341 2093 Vix
355 2034 408 2092 tibi
423 2035 578 2108 continget
592 2040 672 2094 terra
686 2033 871 2108 petitaseni.
962 2075 965 2078 -

237 2119 309 2196 llos,
319 2117 419 2192 potius
435 2118 570 2194 populos
585 2118 615 2194 ln
631 2118 748 2191 dotem,
771 2117 900 2192 aurbege
915 2117 1054 2192 remissa,

175 2213 227 2266 150
279 2201 396 2276 Accipe
411 2211 441 2262 et
455 2201 603 2261 advectas
617 2201 825 2280 Pygmalionis
841 2216 930 2276 opes.

235 2286 311 2345 Ilion
330 2285 361 2344 in
374 2285 496 2362 Tyriam
511 2287 643 2344 transfer
658 2285 775 2346 felicius
791 2284 907 2360 urbem,

278 2369 426 2444 Hancque
441 2369 510 2428 loco
526 2368 607 2444 regis
624 2377 808 2445 sceptraque
821 2384 912 2450 saera
924 2375 1004 2428 tene.

237 2451 270 2514 Si
285 2451 338 2511 tibi
353 2467 440 2512 mens
456 2451 547 2532 avida
563 2459 611 2512 est
623 2449 710 2526 belli,
733 2453 759 2512 si
776 2454 893 2528 quaerit
906 2453 999 2524 Inlue,

277 2533 367 2600 Unde
383 2551 439 2597 suo
454 2542 560 2610 pantos
576 2543 672 2596 marte
686 2536 856 2612 triumphus
871 2543 929 2612 661,
980 2591 981 2594 ,

174 2619 331 2694 1550116111
346 2627 486 2695 superet,
509 2617 624 2695 nequid
638 2620 733 2693 desit,
754 2619 970 2696 praebebimus
985 2619 1120 2688 hostem.

278 2704 334 2764 Hic
350 2704 437 2778 pacis
452 2705 557 2780 leges,
577 2703 627 2763 hic
641 2705 729 2766 locus
744 2719 828 2764 arma
842 2704 934 2779 capit.

235 2787 280 2847 Tu
295 2788 420 2848 modo...
435 2799 491 2870 per
504 2794 630 2848 matrem
645 2789 838 2863 fraternaque
852 2789 928 2861 1616,
951 2787 1089 2860 sagittas,

195 2931 198 2936 ,
277 2870 396 2946 Perque
412 2871 504 2946 fugae
519 2873 662 2946 comites,
683 2872 828 2933 Dardana
842 2887 946 2946 sacra,
970 2871 1062 2932 deos!
1230 2929 1231 2938 ,

238 2953 290 3014 Sic
305 2962 466 3031 superent,
487 2971 698 3030 quoscumque
713 2961 765 3017 tua
781 2955 820 3016 de
834 2964 925 3030 gente
938 2960 1089 3030 reportas,
1230 2957 1231 3042 1

173 3045 225 3102 tto
277 3035 362 3096 Mars
375 3039 459 3100 lorus
473 3046 503 3099 61
518 3040 620 3100 damni
635 3036 673 3100 sit
686 3040 798 3100 naudus
813 3039 864 3098 ille
878 3040 931 3112 tui,

106 3127 109 3136 '
237 3119 456 3196 Ascaniusque
471 3138 547 3185 suos
564 3121 692 3184 leliciter
705 3119 831 3199 impleat
845 3109 954 3198 annos,
1068 3129 1074 3142 ”

279 3205 317 3264 Et
333 3204 417 3268 senis
432 3205 993 3277 111161116666161111616666661666...

237 3289 346 3362 Parce,
369 3305 495 3364 precor,
517 3289 634 3366 domui,
656 3307 735 3366 quae
751 3307 786 3352 se
800 3291 853 3352 tibi
867 3289 960 3353 trudit
973 3287 1161 3350 habendam.
1216 3259 1231 3308 ’Τ

281 3371 370 3446 Quod
385 3373 499 3434 crimen
514 3373 591 3434 dicis
610 3381 730 3450 praeter
744 3391 867 3436 amasse
881 3380 1004 3436 meum?

176 3453 305 3516 16511611
321 3471 379 3530 ego
394 3455 586 3518 sumPhthia
598 3457 781 3534 magnisque
796 3459 929 3520 oriunda
940 3457 1092 3535 Mycenis
