2472 4010
409 237 749 318 1‚10‚3e·-1c,19.

150 388 300 449 Credibile
316 399 364 452 est
378 400 408 452 et
423 399 453 452 ie
469 394 607 454 sensisse
624 394 782 469 Cupidinis
801 413 901 458 arcus.

191 473 224 531 ln
240 489 289 533 me
303 475 426 536 militiae
441 478 528 552 signo
543 485 627 538 tuere
642 487 721 538 tuae.

152 555 185 615 Si
200 565 342 631 quaeret,
367 560 441 634 quid
455 576 558 635 agam,
582 577 639 637 spe
655 562 753 623 noctis
769 564 874 622 vivere
890 566 985 624 dices.

167 677 168 681 =
194 639 300 700 Cetera
317 642 373 703 fert
386 643 498 703 blando
517 661 586 704 cera
601 652 704 706 notato
720 663 821 708 manu.

108 731 141 783 15
152 723 230 783 Dum
246 725 371 800 loquor,
394 727 470 787 hore
485 729 567 802 fugit.
597 744 714 790 vacuae
728 730 806 789 bene
822 731 1067 812 reddetabellos

193 808 308 868 Verum
324 810 468 871 continuo
486 813 535 871 fac
550 819 650 874 tomen
665 814 716 872 illa
731 816 819 888 legat.

149 889 295 964 Aspicies
313 895 421 954 oeulos
438 896 550 956 mando
566 897 758 970 frontemque
775 898 912 972 legentis,

191 974 216 1032 Ε
231 976 322 1036 tacito
338 979 422 1038 uultu
439 980 518 1037 scire
533 981 634 1039 futura
648 981 727 1040 licet.

149 1055 211 1114 Nec
226 1074 325 1132 mora,
349 1061 491 1134 perlectis
507 1063 657 1122 rescribat
673 1065 779 1135 multa,
802 1064 920 1123 iubeto:

106 1146 142 1199 20
195 1138 267 1213 Odi,
290 1157 358 1201 cunr
375 1145 435 1203 lete
450 1145 613 1218 splendida
629 1161 699 1204 cera
716 1153 813 1204 vacat.

150 1221 333 1297 comprimat
347 1227 504 1286 ordinibus
519 1244 643 1300 versus,
666 1230 839 1304 oculosque
854 1237 988 1308 moretur
1081 1295 1087 1306 ¹

191 1305 327 1381 Margine
342 1311 370 1369 in
387 1317 523 1372 extremo
539 1313 636 1371 littera
651 1328 721 1372 rasa
735 1327 853 1371 ineos...

149 1387 228 1461 Quid
244 1391 356 1465 digitos
374 1409 453 1468 opus
469 1404 518 1455 est
531 1396 662 1470 graphio
679 1397 796 1456 tessare
811 1397 966 1456 tenendo?

192 1473 259 1532 Hoc
274 1473 385 1538 habeat
400 1479 545 1552 scriptum
561 1487 626 1540 tota
640 1480 766 1552 tabella,
789 1480 910 1538 ‘venit’

105 1563 138 1616 25
151 1555 218 1618 Non
235 1573 292 1630 ego
308 1562 449 1620 victrices
465 1563 549 1623 lauro
565 1563 707 1626 redimire
725 1563 862 1636 tabellas,

190 1640 253 1698 Nec
268 1643 398 1702 Veneris
414 1646 516 1704 media
533 1663 647 1720 ponere
663 1648 692 1704 in
708 1647 785 1705 aede
801 1662 909 1706 morer.

149 1720 346 1785 Subscribam
365 1729 497 1787 ‘Veneri
513 1729 592 1790 fidos
608 1731 666 1789 sibi
682 1730 762 1788 Naso
778 1731 930 1790 ministras

189 1807 340 1870 Dedicat?
369 1812 410 1870 At
423 1828 522 1885 nuper
535 1809 596 1872 iile
610 1814 710 1875 fuistis
726 1828 805 1872 acer.

70 1941 122 2033 12
149 1937 241 2033 Flete
257 1989 343 2036 meos
360 1983 467 2036 casus!
489 1977 591 2038 tristes
609 1978 728 2036 rediere
743 1977 883 2038 tabellae.

190 2059 298 2119 Infelix
313 2059 406 2118 hodie
421 2060 519 2124 littera
534 2076 630 2136 posse
644 2067 745 2136 negat.

148 2141 255 2201 Omina
270 2151 340 2202 sunt
355 2143 480 2218 aliquid.
503 2145 596 2205 modo
613 2161 681 2204 curn
697 2143 857 2204 discedere
873 2145 974 2217 vellet,

190 2227 241 2284 Ad
255 2228 345 2286 limen
361 2227 473 2300 digitos
488 2230 596 2287 restitit
610 2230 669 2287 icta
684 2230 780 2303 Nape.

118 2307 243 2380 didisse
258 2312 342 2370 foras
358 2311 465 2370 iterum
480 2311 571 2371 limen
585 2313 715 2372 transire
730 2319 880 2371 memento

191 2392 331 2466 conflue,
354 2402 445 2468 atque
460 2395 519 2454 alte
535 2397 638 2454 sobria
653 2398 732 2456 ferre
747 2395 867 2470 pedem.

146 2475 191 2535 lte
206 2476 290 2549 hinc,
313 2478 469 2550 difficiles,
492 2479 630 2539 funebria
645 2481 741 2554 ligna,
762 2477 901 2550 tabellae,

189 2559 295 2634 Tuque
311 2561 466 2636 negaturis
482 2577 551 2622 cera
566 2563 678 2622 referta
693 2564 782 2632 notis,

146 2642 259 2716 Quam,
282 2652 371 2720 puio,
395 2646 434 2704 de
449 2648 559 2720 longae
574 2647 730 2706 collectam
747 2645 824 2705 flore
840 2643 956 2704 cicutae

105 2736 139 2788 10
166 2724 167 2728 ’
191 2727 282 2786 Mello
298 2729 355 2788 sub
370 2731 474 2790 infami
486 2730 613 2788 Corsica
628 2729 709 2790 rnisit
724 2730 801 2803 apis.

146 2811 187 2868 At
201 2817 373 2888 tamquam,
395 2814 487 2872 rninio
504 2815 624 2888 penitus
639 2814 804 2884 medicata,
828 2809 970 2869 rubebas.

188 2895 242 2953 ille
256 2897 343 2955 color
356 2911 429 2966 vere
444 2899 694 2971 sanguinulentus
710 2903 787 2962 erut„

144 2976 302 3038 Proiectae
316 2982 412 3041 triviis
429 2982 568 3053 iaceatis
589 2982 693 3040 inutile
707 2981 829 3054 lignum,

187 3062 318 3136 Vosque
332 3074 419 3125 rotae
434 3067 551 3139 frangat
567 3065 786 3140 praetereuntis
803 3079 891 3122 onus.

106 3144 357 3223 tellumonem,
375 3148 433 3223 qui
448 3164 505 3207 vos
521 3165 560 3208 ex
575 3149 685 3208 arbore
699 3148 788 3207 vertit
803 3147 832 3206 in
849 3163 946 3210 usum.

190 3229 376 3292 Convincam
393 3248 485 3307 puras
500 3249 561 3292 non
574 3233 723 3292 habuisse
738 3247 856 3291 manus.
957 3283 958 3286 ,

143 3309 286 3373 Praebuit
300 3317 351 3375 illa
368 3315 458 3376 arbor
472 3316 583 3376 misere
600 3316 767 3390 suspendio
784 3313 862 3370 collo

188 3396 327 3458 Carnifici
347 3401 429 3459 diras
446 3401 584 3474 praebuit
600 3399 651 3459 illa
667 3413 789 3457 cruces:

143 3476 200 3537 llla
209 3481 298 3620 ¹dedit
313 3490 415 3560 turpes
431 3483 533 3543 raucis
548 3482 722 3543 bubonibus
739 3479 878 3537 umbras:
897 3571 914 3620 2

102 3573 184 3620 evus,
223 3610 229 3621 .
