2472 4010
148 231 191 304 te
555 195 794 304 nuo'nuu·
911 247 913 250 ·

170 411 172 416 v
190 393 225 448 so
279 383 344 442 Sint
363 398 445 456 mea,
469 383 530 448 sint
544 381 687 442 dominae
701 382 750 440 iac
764 387 831 442 reta
845 385 1033 443 votaiineee!

233 466 309 526 Sunt
324 466 465 527 dominae
479 474 544 524 rata
559 471 633 526 vota
647 479 757 524 meae..
771 463 841 524 Mea
856 469 927 524 vota
942 476 1126 540 supersecta
1234 469 1235 476 ’

191 573 195 579 ’
276 551 331 622 lllc·
342 556 425 610 tenet
440 550 582 624 palmam.
613 549 715 622 palma
734 547 866 621 petenda
880 561 950 614 mea
963 553 1034 610 est’

233 634 323 706 Risit,
347 640 377 691 ct
391 632 503 706 argutis
521 631 666 706 quiddam
682 629 822 705 promisit
837 630 953 705 ocellis
1012 698 1015 714 V

274 717 340 778 Hoc
354 717 430 776 satis
446 716 504 775 hic.
526 715 594 774 alio
611 721 713 774 cetera
726 714 825 774 redde
837 713 930 774 loco·

179 849 203 940 3
234 850 411 943 Esse‘deos
427 882 451 955 i,
473 881 578 941 credet
601 878 708 950 Fidem
721 874 818 941 iurata
833 880 953 952 lelellit‚

151 1036 154 1044 1
274 967 312 1026 Et
326 966 422 1024 iacies
438 965 480 1024 illi
496 980 576 1039 quae
591 965 645 1022 iuit
660 971 744 1038 ante,
765 972 915 1025 manet„
979 1013 980 1020 ,

234 1051 328 1124 Quam
343 1051 452 1122 longos
464 1048 575 1110 'habuit
590 1048 725 1112 noudum
740 1047 863 1122 periura
879 1047 1022 1122 capillos,

275 1133 487 1206 Tauricam,
509 1139 673 1206 postquam
689 1131 813 1196 numina
826 1131 929 1204 laesit,
950 1131 1051 1192 habet.

205 1217 370 1278 scandida
385 1217 550 1278 candorem
565 1231 658 1276 roseo
675 1213 795 1274 suffusa
808 1213 921 1274 rubore

275 1302 355 1360 Ante
370 1301 432 1360 luit.
461 1301 552 1360 niveo
567 1301 650 1358 lucet
662 1298 693 1358 iu
709 1313 762 1357 ore
776 1298 878 1356 rubor.

233 1383 290 1444 Pes
307 1391 371 1444 erat
385 1383 533 1457 exiguus..
557 1383 646 1458 pedis
663 1388 710 1442 est
724 1381 878 1445 artissima
893 1383 999 1464 forma.

258 1527 259 1530 ,
275 1469 382 1542 Longa
395 1467 571 1541 decensque
586 1467 652 1532 luit.
681 1466 970 1542 lanqaxdeaensque
981 1475 1090 1530 mana.

233 1555 368 1626 Argutos
383 1544 501 1622 habuit,
523 1550 644 1610 radiant
660 1556 693 1613 ut
707 1551 793 1611 sidus
812 1551 925 1623 ocelli„
987 1597 989 1602 ,

193 1647 227 1698 10
278 1635 336 1694 Per
351 1651 431 1708 quos
446 1635 569 1694 mentita
583 1641 633 1694 est
647 1634 766 1708 perlida
780 1649 877 1708 saepe
890 1634 972 1695 mihi.

236 1717 357 1778 Scilicet
371 1726 494 1777 aeterno
511 1717 621 1778 salsum
636 1719 737 1782 iurare
752 1718 862 1792 puellis

273 1803 311 1880 Di
328 1817 453 1878 quoque
467 1802 655 1876 concedunt,
678 1802 838 1874 sonnoque
854 1816 964 1860 numen
982 1801 1082 1863 habet.

232 1885 351 1961 Perque
371 1902 445 1945 suos
464 1885 546 1946 illam
561 1902 659 1960 nuper
674 1887 793 1947 iurasse
808 1884 968 1948 recordor.

275 1968 394 2044 Perque
408 1985 494 2028 meos
510 1969 632 2041 oculos,
656 1976 686 2030 et
700 1970 826 2029 doluere
841 1969 909 2027 mei.
968 2033 969 2036 Ἴ
1019 2013 1021 2018 s

110 2055 112 2060 '
193 2063 225 2114 15
237 2053 349 2126 Dicite,
373 2054 418 2127 di,
441 2054 468 2112 si
483 2069 540 2118 vos
556 2053 679 2128 impune
694 2053 842 2116 fefellerat
856 2052 921 2125 illa,

275 2138 409 2200 Alterius
422 2137 522 2196 meriti
537 2153 592 2196 our
606 2153 664 2210 ego
682 2138 791 2200 domna
805 2137 879 2196 tulit

234 2223 274 2278 At
288 2237 349 2278 non
365 2221 498 2280 invidiae
512 2221 602 2280 vobis
617 2221 752 2296 Cepheia
765 2221 852 2294 virge
871 2227 931 2292 est,

276 2305 333 2364 Pro
347 2305 427 2364 mala
443 2305 601 2366 formonsa
616 2307 703 2367 iussa
718 2312 844 2379 parente
859 2305 956 2365 morit

234 2388 302 2448 Non
318 2387 392 2448 satis
408 2395 469 2460 est,
492 2389 576 2462 quod
592 2405 650 2448 vos
665 2388 758 2450 habui
773 2389 840 2448 sine
859 2387 995 2464 pondere
1009 2387 1115 2463 testis,

191 2479 226 2532 20
280 2471 318 2530 Et
331 2487 449 2530 mecum
464 2473 550 2531 lusos
566 2473 645 2544 ridet
658 2473 753 2532 inulta
768 2473 866 2532 deos?

235 2556 274 2615 tu
289 2571 344 2614 sua
359 2571 415 2630 per
428 2562 562 2618 nostram
578 2557 707 2616 redimat
724 2554 1019 2630 periuria-poenam,

276 2637 407 2698 Victima
424 2640 572 2715 deceptus
588 2640 768 2714 decipientis
775 2647 857 2701 erut

185 2788 188 2801 s
234 2724 295 2782 Aut
310 2723 376 2784 siue
389 2739 547 2784 nonomen
564 2724 641 2785 deus
657 2730 728 2797 est‚-
740 2724 913 2798 frustraque
927 2723 1061 2796 timetur,

274 2807 312 2864 Et
325 2809 420 2868 stulta
438 2809 570 2882 populos
587 2808 763 2868 credulitate
777 2816 895 2868 movet:
935 2857 936 2860 ,

192 2898 225 2949 25
237 2891 298 2947 Aut
313 2890 411 2964 siquis
428 2892 583 2965 deusest,
605 2898 725 2952 teneras
742 2891 887 2952 amatille
903 2892 1036 2965 puellas,

274 2973 312 3032 Et
324 2973 448 3034 ninnium
463 2975 550 3034 solas
568 2977 668 3036 omnia
684 2991 779 3050 posse
794 2975 885 3038 iubet.

234 3055 328 3114 Nobis
343 3057 463 3122 fatifero·
477 3059 601 3118 Mavors
617 3059 784 3134 accingitur
798 3076 887 3120 ense:
952 3090 955 3096 ,

277 3139 340 3198 Nos
356 3141 430 3214 petit
444 3142 556 3205 invicta
570 3141 703 3204 Palladis
718 3143 806 3202 hasta
821 3161 927 3204 manu:

235 3222 329 3282 Nobis
344 3221 495 3286 flexibiles
511 3235 675 3288 curvantur
688 3228 841 3301 Apollinis
857 3243 961 3287 arcusi

94 3321 96 3324 ·
193 3314 228 3366 30
283 3307 317 3365 ln
332 3324 390 3368 nos
406 3310 467 3370 alta
480 3311 563 3370 lovis
580 3311 706 3371 dextera
724 3313 835 3372 fulmen
855 3311 961 3370 hulsela

235 3387 420 3451 Formonsas
435 3394 540 3468 superi
555 3401 690 3456 metuunt
704 3393 862 3454 offendere
876 3393 968 3466 laesi,

276 3473 379 3550 Atque
394 3477 472 3536 ultro
491 3493 570 3550 quae
586 3493 696 3538 senon
712 3478 854 3553 timuere,
877 3478 993 3542 timent.
