2488 4006
152 243 214 307 136
314 285 316 290 .
451 241 456 248 ’
528 242 797 304 EPISTULAE.

192 405 228 458 80
281 395 398 468 Sarnis,
422 409 544 469 quaque
559 393 637 466 bibi,
661 403 691 454 tu
708 399 834 468 quoque
849 401 933 468 parte
948 397 1038 458 bibis.

234 485 276 539 A!
302 481 442 552 quotiens
458 463 574 552 digitis,
598 479 740 552 quotiens
755 493 813 552 ego
821 485 907 536 tecta
923 479 1027 540 natavi

278 563 372 638 Signa
387 562 551 636 supercilio
567 577 665 636 paene
680 563 825 636 loquente
840 562 914 642 dari.
933 595 936 600 ι

233 648 270 706 Et
284 663 379 722 saepe
394 646 535 716 extimui,
559 661 597 704 ne
610 645 660 702 vir
674 661 759 703 meus
775 645 827 703 iiia
842 645 967 719 videret,

276 732 342 789 Non
358 731 432 789 satis
447 729 574 788 occultis
590 728 760 802 erubuique
773 729 864 787 netis.

183 822 224 878 ,85
237 813 338 888 Saepe
352 817 401 873 vei
417 814 543 887 exiguo,
567 814 615 892 vei
633 813 716 872 nulio
731 827 884 871 murmure
900 812 963 872 dixi

276 898 335 956 ‘Nii
353 897 446 971 pudet
461 896 565 954 hune’.
587 911 644 954 nee
660 911 721 954 vox
736 896 813 954 haee
828 911 895 954 inea
911 897 989 955 saise
1001 897 1066 957 init.

234 980 314 1041 Orbe
330 974 454 1054 quaque
470 980 499 1038 in
516 995 641 1038 mensae
657 981 716 1054 legi
732 978 789 1038 sub
806 981 927 1038 nomine
942 987 1057 1052 nostro,

275 1065 363 1138 Quod
379 1064 511 1122 deductu
525 1079 609 1123 mero
623 1064 721 1122 littera
736 1065 821 1134 iecit,
845 1078 921 1122 nuo.

234 1148 364 1208 Credere
378 1163 427 1206 me
441 1155 540 1206 iernen
557 1147 616 1207 hoe
631 1149 720 1206 oculo
734 1154 881 1206 renuente
897 1149 1016 1227 negavi.

189 1241 223 1293 90
275 1232 310 1292 Ei
325 1233 412 1305 mihi,
436 1231 494 1290 iarn
511 1229 602 1290 didici
622 1231 667 1288 sie
683 1245 741 1304 ego
760 1246 856 1304 posse
873 1231 966 1304 ioqui.

231 1316 286 1374 His
302 1332 359 1391 ego
374 1315 544 1387 blanditiis,
569 1315 595 1373 si
610 1322 775 1389 peeeuturu
792 1314 928 1387 fuissem,

272 1399 433 1459 Flecterer.
456 1397 504 1456 his
523 1405 662 1472 poterant
679 1405 806 1472 pectora
820 1405 926 1457 nostra
941 1399 1020 1474 napi.

230 1484 286 1543 Est
300 1497 440 1558 quoque,
463 1482 626 1554 confiteor,
650 1482 744 1542 iacies
761 1481 815 1542 tibi
830 1497 909 1540 rara.
934 1489 1098 1558 potestque

272 1569 361 1626 Velie
377 1567 435 1626 sub
450 1565 611 1640 amplexus
628 1565 672 1622 ire
688 1567 789 1640 puelia
804 1573 884 1626 tuos.

188 1659 221 1712 95
233 1652 337 1710 Altera
353 1651 400 1708 vei
418 1650 518 1724 potius
536 1649 608 1708 felix
625 1650 692 1708 sine
707 1651 831 1708 erimine
847 1650 907 1719 fiat,

273 1734 368 1807 Quam
384 1734 473 1792 cadat
488 1739 614 1793 externo
631 1740 737 1792 noster
751 1749 856 1793 amore
872 1733 986 1806 pudor!

229 1817 321 1876 Disce
336 1831 405 1876 meo
422 1818 563 1891 exemplo
580 1817 745 1877 formonsis
763 1821 858 1892 posse
873 1831 986 1877 carere.

270 1901 326 1961 Est
340 1900 436 1959 virtus
454 1899 572 1974 placitis
588 1900 775 1960 abstinuisse
791 1899 890 1958 bonis.

201 1976 207 1988 ¹
230 1985 325 2058 Quarn
339 1986 450 2044 rnultos
467 1985 568 2043 eredis
584 1984 712 2043 iuvenes
729 1992 849 2058 optare,
874 1985 958 2056 quod
973 1991 1073 2060 optas,

170 2079 217 2130 100
271 2068 326 2141 Qui
343 2069 485 2142 sapiant?
508 2068 615 2128 oeulos
631 2084 668 2127 an
684 2067 768 2126 Paris
782 2084 864 2126 unus
880 2066 996 2126 habes?

229 2153 295 2210 Non
311 2160 340 2211 tu
359 2154 427 2225 plus
444 2152 559 2224 cernis,
580 2152 637 2210 sed
655 2153 722 2226 plus
737 2151 916 2210 temerarius
932 2152 1046 2212 audesr

260 2236 332 2294 ¹Nee
348 2235 401 2294 tibi
418 2236 486 2311 pius
502 2235 620 2305 cordis,
645 2235 701 2293 sed
716 2235 815 2293 minus
830 2235 894 2294 eris
910 2237 1007 2294 adest.

227 2321 310 2378 Tune
329 2334 387 2392 ego
402 2324 432 2376 te
446 2319 557 2376 veliem
572 2320 663 2377 ceteri
678 2319 802 2377 venisse
818 2319 930 2389 carina,

271 2402 343 2460 Cum
359 2417 427 2460 mea
440 2401 599 2474 virginitas
617 2402 696 2460 miiie
712 2403 803 2476 petita
820 2403 937 2475 procis:

167 2495 213 2546 105
226 2486 258 2546 Si
272 2494 302 2546 te
319 2485 480 2556 vidissent,
503 2485 620 2560 prinrus
636 2486 675 2544 de
690 2484 770 2544 rniiie
787 2486 909 2545 iuisses.

268 2569 384 2628 iudicio
401 2569 520 2627 veniam
537 2570 583 2626 vir
597 2569 681 2627 dabit
695 2570 763 2642 ipse
778 2583 855 2628 meo.

225 2653 275 2712 Ad
294 2667 444 2729 possesse
458 2653 546 2710 venis
565 2659 789 2727 praeceptaque
804 2653 918 2725 gaudia
933 2659 1029 2711 serus.

269 2735 349 2811 Spes
365 2742 417 2795 tua
432 2737 513 2794 tenta
528 2736 592 2795 iuit.
617 2736 699 2804 nuod
718 2735 810 2808 petis,
831 2737 908 2793 aiter
922 2735 1022 2794 habet.
1081 2789 1084 2794 Α

225 2821 264 2887 Ut
278 2829 378 2879 tarnen
396 2827 532 2893 optarem
548 2820 613 2878 fieri
628 2827 678 2878 tua
693 2815 801 2877 Troica
815 2819 957 2891 coniunx,

165 2914 215 2965 110
267 2904 394 2962 Invitam
409 2903 454 2962 sie
469 2919 517 2961 me
532 2919 590 2962 nee
606 2903 763 2964 Menelaus
778 2903 877 2961 habet

225 2987 339 3046 Desine
354 2988 460 3059 molle,
483 3001 608 3060 precor,
631 2985 735 3044 verbis
751 2987 925 3044 convellere
940 2990 1057 3059 pectus,

266 3070 351 3129 Neve
366 3070 451 3139 mihi,
477 3085 567 3144 quarn
584 3079 612 3129 te
627 3069 704 3128 dieis
720 3083 836 3140 amare,
858 3083 951 3127 noce:
1038 3130 1044 3137 ⁵

226 3153 288 3213 Sed
304 3153 386 3224 sine,
408 3169 498 3226 quarn
515 3153 616 3212 tribuit
630 3159 742 3212 sortem
759 3153 894 3223 fortuna,
917 3150 1003 3223 tueri,

266 3238 328 3296 Nec
346 3237 477 3312 spolium
493 3237 589 3296 nostri
604 3247 693 3310 turpe
710 3236 835 3311 pudoris
849 3234 938 3294 habe.

163 3330 212 3382 115
223 3322 263 3380 At
277 3321 384 3380 Venus
400 3321 459 3380 hoe
475 3326 564 3396 pacta
580 3327 641 3391 est,
663 3321 736 3378 etin
752 3321 830 3378 altae
846 3317 976 3378 vallibus
990 3316 1066 3375 ldae

266 3406 341 3464 Tres
357 3404 410 3463 tibi
423 3419 462 3462 se
478 3405 576 3462 nudas
591 3402 760 3464 exhibuere
774 3403 867 3462 deae:

224 3485 355 3559 Unaque
369 3501 437 3544 euin
453 3503 594 3560 regnum,
618 3485 689 3544 belii
705 3486 791 3545 daret
805 3487 899 3544 attera
914 3486 1045 3557 laudem,
