2488 4006
46 377 53 410 l

151 239 212 306 140
523 236 794 296 EPISTULAE.

274 391 341 448 Non
356 388 444 467 Idyia
458 401 571 463 parens
590 388 814 462 Chalciopeque
832 403 930 447 soror.

232 476 305 533 Tale
321 472 393 531 nihil
406 472 508 530 timeo.
546 471 609 530 Sed
623 485 680 530 uec
695 470 804 530 Medea
819 469 951 529 timebat.

274 556 399 626 Fallitur
413 555 538 628 augurio
554 569 627 630 spes
643 555 726 612 bona
745 568 839 628 saepe
853 570 921 614 suo.

169 649 220 708 535
234 638 378 700 Omnibus
396 637 550 710 inveniam
573 653 654 713 quae
668 651 748 696 nunc
762 637 911 699 iactantur
925 634 956 696 in
970 639 1042 709 alto,
1075 634 1077 637 ’

273 720 409 780 Navibus
424 739 442 780 a
457 727 547 796 portu
560 722 628 779 lene
643 720 739 779 luisse
754 719 871 780 tratum.

231 803 297 866 Fax
312 818 444 879 quoque
453 819 505 862 me
516 809 620 873 terret,
645 819 737 876 quam
753 818 787 862 se
801 803 961 878 peperisse
976 809 1132 863 cruentam

275 889 337 946 Ant
326 894 356 946 te
372 888 453 946 diem
457 894 571 973 partus
589 891 637 944 cst
650 892 702 944 tua
718 885 787 944 visa
800 901 931 959 parens.

230 971 267 1030 Et
282 977 410 1030 vatumt
410 963 489 1030 imao
505 970 651 1040 monitus,
675 984 755 1064 quos
769 971 839 1042 igne
853 968 982 1044 Pelasgo

166 1063 219 1115 240
272 1053 347 1112 lllon
364 1070 504 1114 arsurum
516 1053 751 1146 praemonuisse
764 1053 873 1111 lerunt.
1233 1117 1234 1120 Ἴ

231 1139 332 1211 thue
346 1137 428 1196 lavet
443 1136 593 1214 Cytherea
609 1134 676 1206 tibi,
701 1132 772 1208 quia
789 1134 874 1206 vicit,
894 1135 1048 1208 habetque
1233 1123 1234 1214 l

273 1219 362 1278 Parta
375 1234 431 1293 per
447 1219 602 1278 arbitrium
618 1217 690 1276 bina
706 1226 832 1292 tropaea
846 1225 938 1287 tuum,
1233 1217 1234 1244 ¹

232 1301 284 1362 Sic
298 1303 365 1360 illas
381 1307 506 1375 vereor,
530 1317 623 1376 quae,
647 1301 673 1360 si
691 1309 742 1359 tua
759 1299 857 1374 gloria
872 1317 946 1358 vera
963 1307 1017 1372 est,

274 1385 421 1444 Iudicate
439 1401 563 1444 causam
576 1400 639 1444 non
654 1389 780 1444 tenuere
795 1383 882 1443 duae.

167 1476 218 1528 ata
230 1468 292 1526 Nec
311 1463 459 1541 dubitem,
483 1468 569 1540 quin,
591 1473 621 1526 te
637 1467 663 1525 si
679 1481 863 1540 prosequar,
885 1484 968 1526 arma
983 1472 1137 1542 parentur.
1233 1541 1234 1546 η

273 1550 331 1608 Ibit
345 1565 399 1623 per
414 1550 550 1624 gladioS‚
569 1549 698 1608 etmihi!
724 1556 828 1609 noster
839 1547 935 1630 ¹a'mor.

230 1633 280 1691 An
299 1635 363 1692 iera
380 1632 537 1692 Centauris
555 1632 690 1693 indicere
706 1633 786 1692 bella
801 1634 901 1706 coegit
1065 1624 1074 1636 “

273 1716 395 1774 Atracis
408 1715 595 1775 Haemonios
613 1715 817 1790 Hippodamia
833 1717 924 1789 viros

231 1799 275 1858 Tu
291 1799 358 1857 lore
372 1805 433 1858 tam
448 1798 528 1858 iusta
543 1798 656 1858 lentum
671 1799 830 1858 Menelaon
845 1799 875 1856 in
892 1799 937 1857 ira
1008 1841 1013 1848 .

168 1890 220 1944 250
272 1882 463 1955 Etgemiuos
479 1883 589 1954 fratres
601 1882 857 1958 Tyndareumque
870 1888 982 1963 putas?

232 1963 320 2036 Quod
333 1965 413 2024 bene
427 1973 457 2024 te
475 1963 570 2024 iactes
586 1973 616 2024 et
629 1965 718 2026 fortia
732 1965 813 2023 lacta
829 1965 974 2040 loquaris,

227 2089 228 2095 κ
273 2048 303 2106 Α
319 2047 420 2106 verbis
437 2049 533 2107 lacies
548 2047 678 2108 dissidet
694 2048 752 2106 ista
767 2046 843 2106 suis.

231 2131 312 2204 Apta
326 2130 423 2204 magis
438 2132 557 2204 veneri,
580 2147 671 2206 quam
685 2137 754 2190 sunt
768 2138 820 2190 tua
835 2145 965 2204 empore
979 2130 1077 2192 marti.

271 2213 358 2271 Bella
373 2220 481 2286 gerant
496 2177 601 2274 iort’es.
622 2221 668 2287 tu,
687 2213 770 2284 Pari,
794 2228 915 2286 semper
931 2228 1006 2272 ama.

168 2302 219 2356 255
230 2294 376 2367 Hectora,
401 2311 490 2370 quem
508 2298 630 2371 laudas,
656 2313 710 2372 pro
729 2303 759 2354 te
775 2311 912 2370 pugnare
930 2295 1043 2357 iubeto.

273 2377 379 2438 Militia
393 2386 441 2438 est
458 2381 564 2454 operis
576 2383 669 2440 altera
684 2380 776 2454 digna
793 2380 863 2438 tuis

230 2461 285 2519 His
301 2476 375 2534 ego,
395 2463 422 2520 si
438 2478 579 2559 saperem
592 2465 748 2538 pauloque
763 2461 909 2522 audacior
924 2478 1034 2536 essem,

272 2544 388 2603 Utercr.
412 2553 527 2618 utetur,
547 2547 637 2620 siqua
654 2546 755 2622 puella
773 2535 870 2620 sapit:

230 2631 292 2685 Aut
308 2642 365 2700 ego
382 2629 525 2702 deposito
540 2630 649 2688 faciam
663 2630 796 2689 lortasse
810 2629 939 2703 pudore,
1233 2695 1234 2700 ἵ

166 2717 219 2771 260
269 2709 307 2768 Et
321 2710 402 2770 dabo
419 2718 543 2771 cunctas
558 2718 696 2787 tempore
713 2713 793 2771 victa
810 2727 928 2772 manus.
1130 2743 1170 2758 «-
1233 2723 1234 2728 ’

231 2792 326 2865 Quod·
335 2793 430 2868 petis,
453 2803 484 2854 ut
500 2795 599 2854 lurtim
613 2803 792 2870 praesentes
807 2795 1047 2868 istaloquamur,

274 2874 393 2935 Scimus
410 2879 484 2952 quid
498 2885 602 2952 captes
620 2878 877 2954 conloquiumque
892 2892 997 2938 voces.

232 2955 335 3016 Sed
306 2975 430 3018 mnrium
444 2977 608 3035 properas,
625 2969 655 3022 et
665 2961 766 3021 adhuo
778 2969 830 3020 tua
841 2976 951 3020 messis
962 2976 991 3018 in
1004 2959 1168 3019 herbaest
1233 2949 1234 2978 ³

270 3039 355 3098 Haec
371 3058 457 3100 mora
473 3043 511 3102 sit
527 3051 597 3110 voto
614 3046 718 3105 forsan
736 3045 833 3106 amica
847 3052 909 3106 tuo.

164 3131 215 3185 265
226 3122 391 3184 Hactenus·
417 3140 561 3186 arcanum
578 3127 707 3188 furtivae
722 3127 847 3188 conscia
862 3122 971 3184 mentis

271 3206 404 3266 Littera
396 3223 457 3266 iam
471 3209 556 3270 lasso
573 3211 685 3284 pollice
699 3212 786 3270 sistat
800 3225 890 3284 opus.

230 3289 336 3349 Cetera
351 3307 406 3364 per
421 3292 523 3351 socias
539 3293 703 3368 Clymenen
721 3293 927 3364 Aethramque
943 3290 1115 3366 loquamur,

271 3372 354 3443 Quae
367 3372 440 3433 milri
457 3382 528 3434 suut
546 3376 672 3435 comites
689 3375 911 3450 consiliumque
927 3374 1017 3434 duae
