2472 4010
533 222 735 286 AMORUM

253 377 319 437 Non
334 393 392 452 ego
408 379 554 448 natalem,
577 391 648 436 rura
662 383 804 451 paterna,
826 378 942 447 iocum,
1027 411 1029 418 ,

212 461 272 521 Sed
290 461 448 537 Scythiam
462 460 634 534 Cilicasque
648 461 731 520 iems
747 460 923 533 viridesque
934 460 1111 538 Britannos,
1125 485 1131 492 ·

168 555 204 607 40
258 544 404 619 Quaeque
418 543 599 603 Prometheo
615 559 692 602 saxa
707 558 815 603 cruore
831 540 950 603 rubent.
1023 553 1026 558 '

212 627 318 688 Ulmus
334 633 415 687 amat
431 628 538 702 vitem,
559 626 629 686 vitis
647 641 708 686 non
725 626 838 686 deserit
851 629 994 690 ulmumz,

255 710 389 786 Separor
404 727 422 769 a
438 711 560 770 domina
577 725 631 770 cnr
645 725 703 783 ego
720 711 816 784 saepe
832 717 920 769 meat

211 797 253 854 At
269 795 340 853 mihi
357 802 386 853 te
402 795 541 854 comitem
560 793 679 852 iuraras
693 809 795 868 usqne
810 794 940 856 suturam

253 876 311 936 Per
326 894 373 937 me
388 893 506 952 perque
524 877 646 949 ocnloS,
670 875 772 936 sidera
786 885 906 950 nostra,
927 886 1007 938 tuos.
1066 954 1071 958 μ

169 971 203 1022 45
215 959 318 1020 Verba
333 963 516 1035 puellarum,
540 959 620 1019 loliis
635 960 752 1020 leviora
768 961 909 1033 eudocia,

254 1044 347 1103 Inrita
364 1061 425 1119 qua
441 1045 537 1103 visum
555 1050 617 1116 est,
640 1050 748 1102 ventus
765 1051 794 1103 et
807 1045 889 1103 unda
904 1045 1011 1105 lerunt.

213 1127 307 1201 Siqua
323 1128 381 1186 mei
396 1129 495 1187 tamen
516 1134 563 1186 est
577 1127 606 1185 in
622 1133 653 1186 te
667 1123 716 1202 pia
732 1143 802 1187 cura
817 1128 947 1205 relicti,

255 1209 359 1286 Incipe
377 1212 498 1286 pollicit'
493 1227 517 1269 rs
479 1211 648 1270 taddere
666 1211 744 1269 lacta
759 1212 831 1284 tuis,

212 1294 370 1370 Parvaque
387 1295 606 1370 quamprimum
621 1294 808 1367 rapientibus
828 1294 941 1354 esseda
955 1295 1089 1369 mannia,

170 1389 204 1458 50
258 1379 330 1453 Ipsa
347 1394 404 1453 per
416 1379 569 1438 admissas
585 1385 714 1436 concute
729 1379 796 1438 lora
811 1377 910 1438 iubas

213 1463 253 1520 At
241 1469 340 1534 tvos,
365 1477 426 1536 qna
439 1462 555 1533 veniet,
577 1459 683 1519 tumidi
699 1461 850 1521 subsidite
866 1468 1002 1552 montes,

254 1543 291 1604 Et
306 1546 412 1606 faciles
427 1545 529 1604 curvis
546 1543 677 1603 vallibus
693 1552 758 1604 este
770 1544 850 1630 tiae.

137 1677 184 1769 Π
217 1675 325 1786 Siquis
343 1712 412 1780 erit,
436 1711 488 1784 qni
502 1718 592 1786 turpe
607 1717 692 1786 putet
705 1711 821 1769 servire
837 1711 972 1785 puellae,

256 1797 310 1855 Illo
326 1795 493 1855 convincar
509 1795 610 1855 iudice
624 1795 722 1868 turpis
741 1810 809 1868 ego.

215 1880 278 1940 Sim
293 1879 363 1939 licet
377 1878 513 1953 infamis,
536 1878 606 1938 dum
621 1893 669 1936 me
687 1877 873 1936 moderatius
889 1885 957 1936 urat

257 1963 340 2036 Quae
354 1961 479 2037 Paphon
496 1969 525 2021 et
540 1961 635 2021 ilnotu
649 1961 740 2036 pulsa
757 1960 888 2036 Cythera
904 1967 993 2020 tenet.

188 2049 317 2120 alitque
336 2047 447 2106 utinam
463 2047 605 2105 dominae
616 2045 682 2104 miti
699 2059 823 2120 quoqne
840 2045 958 2121 praeda·
972 2044 1116 2118 inissem,

256 2129 444 2190 Fonnonsae
460 2130 603 2204 qnoniam
619 2129 736 2204 praeda
752 2129 871 2188 iuturus
886 2135 984 2186 eram!

213 2209 272 2274 Dat
287 2214 381 2290 iacies
397 2215 525 2274 animos.
554 2213 632 2272 iacie
652 2214 783 2272 violenta
798 2211 929 2270 Corinna
943 2219 998 2270 est.

256 2296 306 2355 Me
320 2297 478 2368 miserum,
504 2313 558 2356 cnr
572 2303 619 2355 est
635 2303 693 2356 tarn
710 2294 789 2354 bene
804 2302 876 2354 nota
891 2293 970 2354 sibit
1031 2301 1034 2308 ‘

217 2379 339 2440 Scilicet
352 2397 371 2458 a
384 2381 500 2455 speculi
517 2379 677 2440 snmnn'tur
691 2380 821 2453 imagine
838 2380 951 2438 lastus=

173 2475 207 2525 10
259 2463 322 2522 Nec
339 2463 395 2522 nisi
411 2463 602 2538 conpositam
619 2479 653 2522 sc
670 2463 754 2538 prius
770 2462 822 2521 illa
837 2463 927 2522 videt.

213 2546 280 2606 Non
295 2546 348 2606 tibi
363 2547 389 2606 si
405 2547 499 2605 iacies
515 2547 638 2605 nimiam
654 2547 749 2605 datin
765 2546 866 2605 omnia
881 2541 1003 2622 regni,..

258 2627 281 2688 0
298 2630 391 2690 facies
408 2631 515 2690 oculos
535 2638 605 2690 nata
620 2638 723 2689 tenere
738 2637 862 2688 meost..

216 2713 361 2772 Collatum
379 2713 492 2774 idcirco
508 2713 561 2772 tibi
577 2731 625 2776 me
641 2721 835 2773 contemnere
851 2711 961 2772 debes:

257 2797 364 2870 Aptari
380 2800 497 2870 magnis
513 2797 657 2857 inferiora
671 2797 751 2857 licet.
773 2851 777 2858 .

175 2889 206 2943 15
217 2879 356 2940 Traditur
371 2887 401 2940 et
415 2881 551 2956 nymphe
566 2881 702 2940 mortalis
719 2896 822 2940 amore
837 2879 971 2956 Calypso
1001 2937 1002 2942 ,

258 2963 354 3038 Capta
367 2965 564 3024 reluctantem
582 2963 750 3023 detinuisse
767 2965 873 3038 virum.

216 3047 352 3106 Creditur
368 3063 554 3121 aequoream
568 3047 674 3107 Phthio
689 3047 821 3106 Nereida
835 3047 913 3121 regi,

256 3131 396 3204 Egeriam
411 3131 491 3191 iusto
512 3131 716 3192 concubuisse
730 3131 861 3190 Numaez

214 3215 353 3273 Volcano
369 3213 536 3288 Venerem,
559 3215 698 3290 quamvis
714 3215 824 3274 incude
838 3213 944 3273 relicta

171 3307 207 3359 ao
259 3296 399 3372 Turpiter
414 3297 538 3372 obliquo
556 3298 706 3358 claudicet
722 3299 772 3357 ille
787 3297 876 3374 pede.

216 3380 363 3440 Carminis
378 3379 437 3441 hoc
453 3382 554 3455 ipsum
570 3381 791 3456 genusimpar.
821 3379 877 3440 sed
891 3387 991 3440 tamen
1008 3382 1080 3452 apte

257 3463 391 3538 iungitur
404 3465 518 3524 herous
534 3479 603 3523 cnm
617 3463 759 3524 breviore
773 3464 876 3523 modo.
943 3477 945 3485 ·
