2472 4010
111 437 203 498 pecias
231 425 269 478 trra
283 422 388 494 media,
402 387 457 495 sup
466 421 541 495 pede
556 423 687 496 leguntur
703 437 748 498 ep.
763 421 803 480 XI
820 426 872 483 lud
881 424 978 482 artu
995 427 1048 488 lid
1062 425 1150 490 Rem.

117 509 358 645 ²16'iiigiendum
376 551 424 644 est
435 589 607 661 explicatius
618 587 655 646 de
671 589 720 661 iis,
738 555 856 662 quaein
872 587 919 645 PR
934 591 1082 664 probanda
1098 600 1150 650 aut

119 671 305 745 improbanda
327 672 494 745 putaverim.
529 671 651 728 Primum
672 672 808 744 estquod
830 673 926 747 recepi
947 675 1051 747 ubique
1073 691 1148 748 quas

119 754 298 828 suppeditant
308 755 516 812 terminationes
532 754 701 811 Graecorum
712 756 871 827 nominum,
882 758 1080 830 particularum
1094 775 1147 817 ue-

118 853 183 912 pue,
205 843 273 904 tum,
297 838 365 896 nibil
380 844 427 894 aut
445 839 486 894 rui
499 845 526 894 et
544 839 624 909 siqua
641 845 705 894 sunt
720 841 836 911 similia,
855 842 1096 914 praepositionum
1114 845 1146 898 in
1223 891 1224 918 ,

118 921 213 978 verbis
224 920 460 1017 adsimiladones,
477 923 549 992 quae
560 923 661 994 paulo,
679 923 703 978 si
721 923 849 996 memini,
864 924 1020 981 crebriores
1038 927 1146 982 suntin

116 1002 419 1144 Pquaffiirlrlrdlz·abieei
436 1088 600 1142 manifestos
616 1088 853 1171 erroresflillorum
867 1088 1055 1155 librariorum,
1068 1088 1145 1146 Pae·

117 1170 207 1242 tapsar
225 1170 332 1242 paelex
353 1169 494 1240 faeminea
511 1170 648 1235 caemar,
671 1171 753 1226 etiam
776 1171 854 1242 sueta
873 1187 903 1241 p.
920 1175 972 1230 245
990 1173 1083 1244 effecti
1100 1176 1144 1238 st,
1223 1197 1224 1242 3

10 1257 12 1260 ’
117 1251 229 1309 Peuebe
245 1256 281 1310 52
295 1251 417 1323 Acbapia
435 1255 487 1310 ΗΒ
502 1251 651 1325 retempto
669 1256 734 1321 rao,
755 1253 822 1310 arba
840 1269 892 1309 ora
909 1258 973 1310 orta
990 1255 1050 1310 odie
1065 1255 1145 1311 abilis

118 1338 217 1392 aurire
232 1349 313 1391 umus
330 1335 359 1390 in
375 1335 412 1404 P,
426 1334 567 1390 habundat
582 1335 694 1410 Muelat
708 1336 794 1392 lteuoe
811 1337 840 1390 in
856 1335 897 1405 R,
912 1337 1014 1394 obtabr'a
1030 1338 1146 1394 nubum

118 1417 320 1476 causabamur
331 1417 419 1482 mods,
437 1433 512 1489 quae
525 1420 713 1488 frequentiora
724 1420 752 1473 in
764 1419 802 1488 R,
816 1420 914 1489 miluus,
930 1427 959 1474 ut
969 1422 1072 1490 ubique
1084 1423 1142 1476 lere

95 1511 99 1518 ·
117 1500 152 1559 R.
174 1499 293 1559 Servavi
306 1499 542 1570 quemadmodum
555 1501 670 1556 inlibris
683 1508 777 1558 extant
788 1508 971 1560 controversa
983 1512 1030 1561 aut
1039 1505 1142 1575 alioqui

117 1584 259 1657 notabilia,
273 1585 388 1656 faenore
401 1587 461 1652 bob,
471 1583 590 1654 faenore
603 1587 667 1654 234,
680 1585 839 1656 saeuam,
851 1584 998 1642 Peritbous
1008 1589 1052 1657 82,
1066 1587 1141 1658 quod

118 1668 207 1722 semel
222 1668 304 1722 adest
319 1668 348 1721 in
361 1667 398 1734 P,
419 1672 461 1722 ter
477 1673 569 1722 autern
590 1668 619 1721 in
634 1667 656 1722 G
672 1669 821 1742 repetitur,
844 1667 991 1726 metues
1005 1673 1039 1728 at
1058 1686 1094 1725 ox
1110 1669 1141 1738 G,

52 1753 57 1760 '
118 1750 166 1821 qui
189 1750 273 1805 etiam
289 1752 324 1808 97
339 1749 506 1818 Achiletdes,
528 1749 632 1806 Thalea
654 1754 705 1809 175
722 1751 915 1824 Hippodamea
934 1756 969 1812 46
991 1752 1143 1825 Papaseuu

118 1836 169 1890 133
184 1831 307 1905 Papasr'a
324 1836 393 1901 209,
409 1832 477 1906 sace
493 1834 581 1888 semel
597 1834 626 1888 in
644 1835 664 1888 P
682 1835 763 1902 (etin
775 1835 797 1889 G
810 1837 885 1905 toti),
898 1834 948 1906 fue
966 1837 1140 1907 quinquiens,

117 1923 216 1987 urpuet
232 1921 259 1971 et
275 1920 368 1986 urpet,
386 1914 440 1970 hoc
458 1917 622 1988 plerumque
644 1913 679 1972 err
696 1918 732 1987 P,
755 1918 802 1988 qui
821 1919 990 1974 sancellum
1008 1920 1140 1992 torpidus,

117 1999 205 2070 liupo,
218 2001 357 2070 extmpar.
378 1999 503 2070 inprimis
514 1998 686 2070 formonsus,
705 2001 781 2072 quod
793 2007 867 2058 extat
878 2001 906 2056 in
917 2002 937 2056 P
949 2001 1141 2072 quindeciens,
1224 2034 1225 2078 ,

118 2083 274 2160 semel-pro
289 2081 427 2152 famosam
437 2085 487 2151 65,
503 2083 531 2136 in
543 2081 568 2136 R
581 2083 752 2154 undeciens,
768 2085 886 2142 noviens
899 2101 979 2140 eraso
991 2101 1019 2148 rr,
1041 2087 1139 2156 vulga·
1224 2093 1225 2110 ³

117 2165 156 2218 ris
168 2166 256 2219 torma
267 2165 348 2220 terin
359 2164 394 2233 P,
411 2166 499 2220 semel
510 2167 538 2220 in
549 2165 583 2220 R.
608 2166 689 2234 Quod
699 2168 814 2238 quidam
827 2168 1015 2235 coniecerunt,
1032 2168 1139 2237 apicem
1224 2199 1225 2214 ÷

116 2246 207 2302 fraudi
224 2247 312 2304 luisse
329 2247 447 2304 librariis
465 2249 493 2302 in
511 2250 647 2320 scriptura
662 2249 815 2321 formdsus,
835 2266 892 2304 non
910 2255 1031 2305 estvero
1051 2249 1141 2306 simile

114 2336 231 2402 propter'
245 2336 397 2404 praecepta
412 2333 670 2402 grammaticorum
692 2333 818 2403 quamvis
833 2349 907 2404 apex
923 2333 990 2403 poni
1007 2349 1076 2387 sane
1089 2349 1139 2403 po·

115 2415 199 2468 tuerit
218 2413 255 2470 ad
269 2413 475 2485 prohibendam
492 2415 551 2469 eius
569 2414 645 2490 modi
661 2416 938 2487 pronunciationem,
955 2421 985 2470 ut
996 2414 1076 2472 Rem.
1089 2418 1140 2474 ild

115 2497 144 2550 in
159 2496 185 2550 R
203 2497 331 2552 scribitur
346 2498 531 2554 baturiousus.
555 2514 588 2552 ac
603 2500 728 2570 prolecto
746 2501 774 2553 in
788 2496 1034 2572 ep.,X1135habet
1046 2498 1138 2570 Psor-

116 2593 237 2644 maaaus,
255 2585 285 2634 ut
294 2579 319 2634 R
329 2579 358 2634 in
367 2579 430 2635 Art.
437 2580 477 2635 ·111
490 2581 540 2639 14⁷
551 2583 716 2653 epileeuaea.

200 2662 319 2720 Removi
334 2663 493 2718 barbariem
510 2665 657 2734 vulgarem
673 2665 783 2720 illorum
797 2666 992 2734 saeculorum,
1009 2680 1081 2735 quae
1098 2669 1137 2718 ta·

115 2761 182 2802 men
198 2747 288 2802 rarior
303 2751 420 2819 apparet
439 2747 468 2800 in
485 2746 562 2802 libris
575 2764 610 2802 ex
624 2749 760 2819 scriptura
772 2747 907 2819 quadrata
921 2748 1078 2816 translatis,
1097 2747 1137 2802 in·

116 2830 268 2884 crebrescit
279 2829 404 2885 subitoiu
411 2830 548 2900 scriptura
559 2832 672 2886 minuta.
686 2832 717 2886 ln
727 2831 774 2886 PR
781 2831 864 2902 igitur
875 2847 1012 2903 perquam
1020 2829 1138 2898 modica,

116 2912 140 2967 si
152 2912 237 2966 modo
249 2911 342 2967 omnia
354 2912 465 2979 notavi,
479 2912 566 2967 haece
585 2915 673 2969 semel
684 2917 859 2980 ammonitus,
871 2915 991 2980 brattea,
1005 2914 1058 2968 nisi
1069 2915 1137 2966 sorte

115 2991 215 3053 verum
234 3002 291 3064 est,
307 2994 394 3060 utba,
411 2994 543 3062 cuhara,
559 2997 715 3068 praebebat,
736 3000 879 3064 cadauere,
899 3015 1018 3071 myrra,
1035 2995 1137 3059 thorus,
1222 3035 1225 3046 .

114 3077 226 3143 uetitus,
253 3078 386 3150 sulphur,
414 3079 511 3147 abab,
532 3079 636 3151 Apsias,
658 3083 783 3148 comam,
812 3073 943 3154 quatuor,
964 3092 1138 3151 suppremus,

114 3167 288 3234 supparare,
315 3176 426 3227 sucas,
456 3167 605 3233 consumat,
632 3171 728 3231 tentat,
757 3166 909 3237 sollempni.
955 3163 998 3218 bis
1025 3162 1136 3229 leudem,

116 3244 217 3311 baubo,
232 3243 325 3318 papa,
342 3245 506 3318 dampnum,
526 3252 583 3318 ter,
603 3249 627 3303 si
641 3250 771 3318 memini,
788 3250 837 3314 dii,
856 3251 953 3318 quater
965 3247 1096 3318 proprior
1113 3249 1138 3298 et

115 3333 318 3402 couumpuere,
343 3345 415 3400 quae
436 3329 464 3383 in
486 3330 609 3400 epistolis
630 3331 732 3402 spuriis
751 3331 836 3389 edidi.
866 3331 1019 3394 mandeba,
1036 3328 1137 3394 inditia,

115 3415 244 3479 conada,
264 3413 362 3469 aalatm
379 3413 569 3484 frequentiora
587 3415 615 3468 in
631 3415 652 3468 P
675 3431 758 3485 quam
775 3416 803 3469 in
820 3413 853 3470 R.
885 3419 1019 3471 coturnus
1037 3411 1136 3479 ubique

113 3503 231 3567 uterque
250 3513 311 3552 cum
328 3497 456 3553 omnibus
474 3498 523 3568 qui
539 3497 606 3564 mibi
620 3499 798 3554 innotuerunt
814 3498 900 3558 libris.
924 3496 1011 3567 Siqua
1021 3497 1090 3550 lorte
1103 3492 1137 3546 de
