2472 4010
439 229 759 306 11,1,13-5,49.

220 384 274 444 Cui
290 383 401 458 petitur
416 384 495 442 victa
512 384 612 456 palma
628 392 751 443 eruenta
766 399 828 444 rea.

176 471 247 544 lpse
261 468 355 525 miser
370 467 447 540 vidi,
468 481 537 526 curn
552 483 600 526 rue
615 467 747 526 dormire
763 474 901 543 putares,

218 550 347 610 Sobrius
363 552 507 625 apposito
523 551 649 610 crimina
665 558 765 609 vestra
781 565 875 611 mero.

134 645 167 698 15
177 634 273 694 Multa
287 635 452 709 supercilio
470 635 531 692 vidi
549 633 686 693 vibrante
700 636 877 708 loquentes:

218 718 346 777 Nutibus
362 719 391 776 in
410 718 520 776 vestris
536 734 607 792 pars
623 717 706 777 bona
723 718 810 778 vocis
826 726 899 778 erat.

174 802 242 861 Non
258 802 338 862 oculi
352 808 475 860 tacuere
490 802 545 872 tui,
570 803 807 876 conscriptaque
822 803 893 862 vino

217 886 341 958 Mensa,
363 899 420 942 nec
437 885 467 943 in
486 885 587 958 digitis
603 886 701 945 littera
716 887 799 944 nulla
816 887 880 945 tuit.

176 969 354 1029 Sermonem
369 968 480 1041 agnovi
497 969 580 1042 quod
595 985 656 1027 non
671 970 827 1041 videatur,
849 977 988 1044 agentem

130 1061 167 1114 10
218 1050 384 1124 Verbaque
399 1066 454 1124 pro
471 1051 562 1109 certis
577 1053 663 1111 iussa
677 1053 780 1110 valere
795 1053 885 1112 nutis.

174 1136 300 1208 lamque
314 1134 459 1206 frequens
477 1133 552 1192 ierat
566 1149 675 1192 mensa
689 1135 820 1192 conviva
835 1137 938 1195 relicta
948 1161 967 1191 :-

218 1217 384 1291 Compositi
398 1217 526 1274 iuvenes
542 1233 622 1276 unus
638 1224 668 1276 et
683 1219 759 1275 alter
773 1213 867 1276 erant.

172 1300 308 1375 Inproba
320 1306 383 1360 tum
398 1315 472 1358 vero
489 1299 649 1373 iungentes
664 1302 770 1360 oscula
785 1301 865 1359 vidie

136 1379 139 1386 '
215 1385 270 1444 llla
284 1384 357 1442 mihi
371 1385 474 1457 lingua
489 1400 570 1442 nexa
585 1385 683 1444 luisse
702 1385 811 1458 liquetz

128 1477 163 1530 15
177 1467 285 1542 Qualia
299 1484 360 1526 uon
377 1468 460 1526 fratri
475 1468 576 1526 tulerit
590 1483 734 1541 germana
749 1483 876 1539 severo,

219 1551 282 1610 Sed
291 1551 397 1610 'tulerit
412 1551 525 1624 cupido
539 1553 640 1610 mollis
656 1551 753 1609 amica
767 1551 851 1610 viro:

173 1633 281 1708 Qualia
296 1634 442 1692 credibile
457 1640 580 1692 estnon
596 1633 752 1693 Phoebum
766 1635 845 1692 16116
860 1633 990 1708 Dianae,

216 1716 277 1778 Sed
292 1719 445 1776 Venerem
458 1716 547 1776 Marti
566 1731 661 1791 saepe
673 1719 784 1777 tulisse
800 1728 866 1777 suo.

174 1801 265 1875 ‘Quid
280 1800 389 1859 lacist’
405 1801 544 1859 exclamo
562 1804 637 1874 ‘quo
651 1814 734 1861 nunc
749 1816 817 1859 mea
831 1801 944 1876 gaudia
958 1802 1086 1862 diuersa

128 1895 164 1947 30
218 1885 342 1943 Iniciam
357 1885 496 1943 dominas
512 1885 542 1944 in
557 1899 624 1943 mea
638 1885 703 1944 iura
716 1901 834 1944 manua.

172 1969 258 2027 Haec
275 1967 327 2028 tibi
344 1977 414 2028 sunt
427 1983 562 2039 mecum,
585 1968 657 2026 mihi
677 1975 748 2028 sunt
761 1969 934 2028 communia
948 1978 1058 2028 tecum.

215 2051 346 2112 labana
361 2053 594 2126 cur‘quisquam
608 2053 715 2111 tertius
730 2053 789 2110 ista
806 2053 920 2111 venitt'
974 2091 976 2096 ,

171 2135 240 2195 Hoc
253 2149 328 2208 ego,
352 2150 495 2210 quaeque
510 2137 599 2195 dulor
612 2137 733 2209 linguae
748 2135 883 2194 dictavit.
913 2135 998 2194 atilli

216 2219 345 2278 Conscia
361 2234 533 2292 purpureus
550 2221 633 2277 venit
647 2219 676 2276 in
698 2234 751 2277 ora
767 2219 881 2292 pudor,

129 2309 167 2362 35.
175 2301 271 2374 Quale
286 2304 454 2361 coloratum
468 2302 587 2360 Tithoni
603 2303 733 2376 coniuge
749 2303 866 2360 caelum

217 2385 381 2459 subrubet,
405 2393 456 2444 aut
473 2399 589 2459 sponso
606 2385 674 2444 visa
689 2385 789 2459 puella
804 2401 904 2444 novo:

173 2468 269 2542 Quale
283 2484 373 2527 rosae
389 2468 504 2541 fulgent
518 2468 595 2529 inter
608 2485 665 2528 sua
680 2469 741 2527 lilia
756 2468 883 2540 mixtae,

214 2553 277 2612 Aut
293 2552 343 2611 ubi
359 2553 491 2611 cantatis·
501 2553 587 2611 Luna
602 2552 720 2611 laborat
735 2552 840 2624 equis,
1092 2621 1098 2628 Ι

171 2635 234 2695 Aut
250 2636 346 2710 quod,
367 2652 407 2694 ne
422 2637 522 2709 longis
539 2635 710 2695 flavescere
728 2636 827 2708 possit
841 2634 879 2693 ab
895 2635 998 2709 annis,

130 2728 162 2782 10
215 2719 354 2778 Maeonis
369 2721 534 2796 Assyrium
550 2720 661 2778 femina
674 2719 762 2779 tinxit
777 2718 861 2776 ebur.

169 2803 226 2862 His
242 2811 320 2876 erat,
344 2810 397 2863 aut
410 2804 501 2863 alicui
517 2805 602 2862 color
615 2803 665 2861 ille
681 2802 852 2862 simillimus
867 2802 990 2874 horum,

214 2887 251 2944 111
266 2903 433 2962 numquam
448 2903 524 2948 casu
538 2887 695 2962 pulchrior
709 2885 759 2944 illa
775 2884 839 2944 luit.
1032 2895 1033 2898 ’

172 2969 338 3046 Spectabat
352 2977 471 3036 terram.
496 2979 608 3030 terram
622 2977 764 3045 spectare
779 2968 917 3028 decebat.

214 3053 332 3114 Maesta
347 3062 411 3114 erat
426 3056 455 3113 in
472 3055 565 3114 vultu.
594 3061 711 3113 maesta
727 3053 871 3112 decenter
886 3059 959 3112 erat.

58 3166 63 3178 ¹
145 3136 407 3212 5811161111...
423 3146 452 3198 61
467 3145 553 3196 erant
567 3123 670 3197 culti...
687 3137 801 3196 laniare
817 3137 945 3210 capillos

149 3257 151 3262 .
213 3222 250 3280 Et
264 3222 319 3282 luit
338 3223 367 3280 in
383 3225 505 3281 teneras
519 3223 651 3300 impetus
666 3222 710 3279 ire
725 3235 830 3295 genas.

168 3305 212 3379 Ut
226 3306 335 3365 taciem
349 3307 427 3380 vidi,
449 3307 544 3364 fortes
559 3305 699 3364 cecidere
714 3303 834 3362 lacerti=

214 3388 349 3448 Defensa
363 3397 410 3449 est
426 3391 518 3448 armis
534 3396 641 3448 nostra
656 3387 756 3461 puella
769 3385 844 3442 suis.

171 3471 229 3545 Qui
244 3473 336 3532 modo
355 3489 468 3534 saevus
484 3489 582 3542 erant,
607 3473 740 3544 supplex
754 3469 896 3540 ultroque
910 3465 1032 3539 rogavi,
