<?xml version="1.0" encoding="UTF-8"?>
<!DOCTYPE html PUBLIC "-//W3C//DTD XHTML 1.0 Transitional//EN"
    "http://www.w3.org/TR/xhtml1/DTD/xhtml1-transitional.dtd">
<html xmlns="http://www.w3.org/1999/xhtml" xml:lang="en" lang="en">
 <head>
  <title>
</title>
<meta http-equiv="Content-Type" content="text/html;charset=utf-8" />
  <meta name='ocr-system' content='tesseract 3.04.00' />
  <meta name='ocr-capabilities' content='ocr_page ocr_carea ocr_par ocr_line ocrx_word'/>
</head>
<body>
  <div class='ocr_page' id='page_1' title='image "./povidiusnaso02merkgoog_0070.png"; bbox 0 0 2472 4010; ppageno 0'>
   <div class='ocr_carea' id='block_1_1' title="bbox 341 211 726 319">
    <p class='ocr_par' dir='ltr' id='par_1_1' title="bbox 341 211 726 319">
     <span class='ocr_line' id='line_1_1' title="bbox 341 211 726 319; baseline -0.008 -13"><span class='ocrx_word' id='word_1_1' title='bbox 341 215 352 266; x_wconf 72' lang='lat'><em>³</em></span> <span class='ocrx_word' id='word_1_2' title='bbox 433 211 726 319; x_wconf 64' lang='lat' dir='ltr'>nnat-aa.</span> 
     </span>
    </p>
   </div>
   <div class='ocr_carea' id='block_1_2' title="bbox 58 396 1038 1893">
    <p class='ocr_par' dir='ltr' id='par_1_2' title="bbox 58 396 1038 1893">
     <span class='ocr_line' id='line_1_2' title="bbox 151 396 906 474; baseline -0.003 -16"><span class='ocrx_word' id='word_1_3' title='bbox 151 399 309 474; x_wconf 88' lang='lat' dir='ltr'>inparibus</span> <span class='ocrx_word' id='word_1_4' title='bbox 325 406 425 456; x_wconf 75' lang='lat' dir='ltr'>mmen</span> <span class='ocrx_word' id='word_1_5' title='bbox 446 413 479 456; x_wconf 88' lang='lat' dir='ltr'>es</span> <span class='ocrx_word' id='word_1_6' title='bbox 496 396 631 458; x_wconf 87' lang='lat' dir='ltr'>numeris</span> <span class='ocrx_word' id='word_1_7' title='bbox 645 398 767 471; x_wconf 77' lang='lat' dir='ltr'>dignata</span> <span class='ocrx_word' id='word_1_8' title='bbox 781 397 906 456; x_wconf 86' lang='lat' dir='ltr'>moveri.</span> 
     </span>
     <span class='ocr_line' id='line_1_3' title="bbox 190 479 775 556; baseline -0.005 -15"><span class='ocrx_word' id='word_1_9' title='bbox 190 484 223 542; x_wconf 92' lang='lat' dir='ltr'>ln</span> <span class='ocrx_word' id='word_1_10' title='bbox 238 498 286 541; x_wconf 88' lang='lat' dir='ltr'>me</span> <span class='ocrx_word' id='word_1_11' title='bbox 302 482 444 556; x_wconf 77' lang='lat' dir='ltr'>pugnasti</span> <span class='ocrx_word' id='word_1_12' title='bbox 459 479 605 541; x_wconf 78' lang='lat' dir='ltr'>versibus.</span> <span class='ocrx_word' id='word_1_13' title='bbox 619 497 676 540; x_wconf 89' lang='lat' dir='ltr'>usa</span> <span class='ocrx_word' id='word_1_14' title='bbox 690 481 775 539; x_wconf 90' lang='lat' dir='ltr'>meis.</span> 
     </span>
     <span class='ocr_line' id='line_1_4' title="bbox 58 563 929 639; baseline -0.006 -14"><span class='ocrx_word' id='word_1_15' title='bbox 58 569 62 625; x_wconf 83' lang='grc' dir='ltr'>ἶ</span> <span class='ocrx_word' id='word_1_16' title='bbox 148 568 215 626; x_wconf 85' lang='lat' dir='ltr'>blon</span> <span class='ocrx_word' id='word_1_17' title='bbox 229 581 287 639; x_wconf 89' lang='lat' dir='ltr'>ego</span> <span class='ocrx_word' id='word_1_18' title='bbox 303 565 481 624; x_wconf 77' lang='lat' dir='ltr'>contulerim</span> <span class='ocrx_word' id='word_1_19' title='bbox 496 563 637 624; x_wconf 84' lang='lat' dir='ltr'>sublimia</span> <span class='ocrx_word' id='word_1_20' title='bbox 652 564 785 623; x_wconf 83' lang='lat' dir='ltr'>carmina</span> <span class='ocrx_word' id='word_1_21' title='bbox 800 565 929 624; x_wconf 80' lang='lat' dir='ltr'>nostris:</span> 
     </span>
     <span class='ocr_line' id='line_1_5' title="bbox 107 647 872 723; baseline -0.007 -12"><span class='ocrx_word' id='word_1_22' title='bbox 107 659 141 710; x_wconf 84' lang='lat'>40</span> <span class='ocrx_word' id='word_1_23' title='bbox 195 649 301 710; x_wconf 78' lang='lat' dir='ltr'>Obruit</span> <span class='ocrx_word' id='word_1_24' title='bbox 316 649 444 723; x_wconf 80' lang='lat' dir='ltr'>exiguas</span> <span class='ocrx_word' id='word_1_25' title='bbox 459 647 544 720; x_wconf 83' lang='lat' dir='ltr'>regia</span> <span class='ocrx_word' id='word_1_26' title='bbox 558 655 662 706; x_wconf 81' lang='lat' dir='ltr'>vestra</span> <span class='ocrx_word' id='word_1_27' title='bbox 677 648 769 707; x_wconf 87' lang='lat' dir='ltr'>iores.</span> <span class='ocrx_word' id='word_1_28' title='bbox 867 661 872 668; x_wconf 85' lang='lat'>·</span> 
     </span>
     <span class='ocr_line' id='line_1_6' title="bbox 151 731 1038 812; baseline 0.001 -18"><span class='ocrx_word' id='word_1_29' title='bbox 151 733 225 800; x_wconf 88' lang='lat' dir='ltr'>Sum</span> <span class='ocrx_word' id='word_1_30' title='bbox 240 734 334 805; x_wconf 87' lang='lat' dir='ltr'>levis,</span> <span class='ocrx_word' id='word_1_31' title='bbox 356 740 386 792; x_wconf 90' lang='lat' dir='ltr'>et</span> <span class='ocrx_word' id='word_1_32' title='bbox 399 746 518 790; x_wconf 90' lang='lat' dir='ltr'>mecum</span> <span class='ocrx_word' id='word_1_33' title='bbox 537 731 691 803; x_wconf 80' lang='lat' dir='ltr'>levisest,</span> <span class='ocrx_word' id='word_1_34' title='bbox 715 748 783 792; x_wconf 88' lang='lat' dir='ltr'>mea</span> <span class='ocrx_word' id='word_1_35' title='bbox 799 749 886 808; x_wconf 85' lang='lat' dir='ltr'>eura,</span> <span class='ocrx_word' id='word_1_36' title='bbox 910 735 1038 812; x_wconf 87' lang='lat' dir='ltr'>Cupido.</span> 
     </span>
     <span class='ocr_line' id='line_1_7' title="bbox 191 813 816 889; baseline -0.003 -12"><span class='ocrx_word' id='word_1_37' title='bbox 191 819 256 877; x_wconf 89' lang='lat' dir='ltr'>Non</span> <span class='ocrx_word' id='word_1_38' title='bbox 273 831 342 876; x_wconf 88' lang='lat' dir='ltr'>sum</span> <span class='ocrx_word' id='word_1_39' title='bbox 356 817 481 876; x_wconf 89' lang='lat' dir='ltr'>materia</span> <span class='ocrx_word' id='word_1_40' title='bbox 496 813 604 875; x_wconf 81' lang='lat' dir='ltr'>sortior</span> <span class='ocrx_word' id='word_1_41' title='bbox 617 815 687 889; x_wconf 89' lang='lat' dir='ltr'>ipsa</span> <span class='ocrx_word' id='word_1_42' title='bbox 700 831 777 876; x_wconf 83' lang='lat' dir='ltr'>mea.</span> <span class='ocrx_word' id='word_1_43' title='bbox 814 838 816 842; x_wconf 53' lang='lat'><strong><em>¹</em></strong></span> 
     </span>
     <span class='ocr_line' id='line_1_8' title="bbox 150 899 855 960; baseline -0.003 0"><span class='ocrx_word' id='word_1_44' title='bbox 150 901 275 960; x_wconf 88' lang='lat' dir='ltr'>Rustica</span> <span class='ocrx_word' id='word_1_45' title='bbox 290 901 329 959; x_wconf 91' lang='lat' dir='ltr'>sit</span> <span class='ocrx_word' id='word_1_46' title='bbox 343 900 410 958; x_wconf 90' lang='lat' dir='ltr'>sine</span> <span class='ocrx_word' id='word_1_47' title='bbox 425 915 473 958; x_wconf 88' lang='lat' dir='ltr'>me</span> <span class='ocrx_word' id='word_1_48' title='bbox 489 899 597 958; x_wconf 87' lang='lat' dir='ltr'>lascivi</span> <span class='ocrx_word' id='word_1_49' title='bbox 612 907 708 958; x_wconf 87' lang='lat' dir='ltr'>mater</span> <span class='ocrx_word' id='word_1_50' title='bbox 723 902 855 960; x_wconf 85' lang='lat' dir='ltr'>Amoris.</span> 
     </span>
     <span class='ocr_line' id='line_1_9' title="bbox 172 983 856 1058; baseline 0.006 -20"><span class='ocrx_word' id='word_1_51' title='bbox 172 1031 176 1038; x_wconf 88' lang='lat'><em>.</em></span> <span class='ocrx_word' id='word_1_52' title='bbox 191 985 269 1042; x_wconf 90' lang='lat' dir='ltr'>Huic</span> <span class='ocrx_word' id='word_1_53' title='bbox 283 999 341 1058; x_wconf 92' lang='lat' dir='ltr'>ego</span> <span class='ocrx_word' id='word_1_54' title='bbox 357 983 486 1058; x_wconf 82' lang='lat' dir='ltr'>proveni</span> <span class='ocrx_word' id='word_1_55' title='bbox 503 983 572 1042; x_wconf 89' lang='lat' dir='ltr'>lena</span> <span class='ocrx_word' id='word_1_56' title='bbox 587 997 754 1058; x_wconf 90' lang='lat' dir='ltr'>comesque</span> <span class='ocrx_word' id='word_1_57' title='bbox 770 985 856 1044; x_wconf 88' lang='lat' dir='ltr'>deae.</span> 
     </span>
     <span class='ocr_line' id='line_1_10' title="bbox 106 1065 932 1144; baseline -0.004 -14"><span class='ocrx_word' id='word_1_58' title='bbox 106 1077 140 1130; x_wconf 77' lang='lat'>45</span> <span class='ocrx_word' id='word_1_59' title='bbox 154 1068 247 1141; x_wconf 81' lang='lat' dir='ltr'>Quam</span> <span class='ocrx_word' id='word_1_60' title='bbox 262 1073 293 1125; x_wconf 94' lang='lat' dir='ltr'>tu</span> <span class='ocrx_word' id='word_1_61' title='bbox 308 1081 369 1124; x_wconf 90' lang='lat' dir='ltr'>non</span> <span class='ocrx_word' id='word_1_62' title='bbox 386 1066 501 1139; x_wconf 87' lang='lat' dir='ltr'>poteris</span> <span class='ocrx_word' id='word_1_63' title='bbox 518 1065 595 1124; x_wconf 91' lang='lat' dir='ltr'>duro</span> <span class='ocrx_word' id='word_1_64' title='bbox 610 1081 750 1126; x_wconf 88' lang='lat' dir='ltr'>reserare</span> <span class='ocrx_word' id='word_1_65' title='bbox 767 1069 932 1144; x_wconf 83' lang='lat' dir='ltr'>cothurno,</span> 
     </span>
     <span class='ocr_line' id='line_1_11' title="bbox 190 1147 797 1208; baseline -0.002 0"><span class='ocrx_word' id='word_1_66' title='bbox 190 1151 273 1208; x_wconf 89' lang='lat' dir='ltr'>Haec</span> <span class='ocrx_word' id='word_1_67' title='bbox 288 1155 336 1208; x_wconf 87' lang='lat' dir='ltr'>est</span> <span class='ocrx_word' id='word_1_68' title='bbox 349 1148 504 1208; x_wconf 83' lang='lat' dir='ltr'>blanditiis</span> <span class='ocrx_word' id='word_1_69' title='bbox 519 1147 611 1206; x_wconf 87' lang='lat' dir='ltr'>ianua</span> <span class='ocrx_word' id='word_1_70' title='bbox 625 1150 695 1206; x_wconf 86' lang='lat' dir='ltr'>laxa</span> <span class='ocrx_word' id='word_1_71' title='bbox 711 1151 797 1208; x_wconf 89' lang='lat' dir='ltr'>meis.</span> 
     </span>
     <span class='ocr_line' id='line_1_12' title="bbox 148 1232 968 1309; baseline 0.006 -17"><span class='ocrx_word' id='word_1_72' title='bbox 148 1234 185 1294; x_wconf 85' lang='lat' dir='ltr'>Et</span> <span class='ocrx_word' id='word_1_73' title='bbox 198 1242 298 1306; x_wconf 80' lang='lat' dir='ltr'>tamen</span> <span class='ocrx_word' id='word_1_74' title='bbox 314 1232 428 1292; x_wconf 87' lang='lat' dir='ltr'>emerui</span> <span class='ocrx_word' id='word_1_75' title='bbox 444 1233 529 1306; x_wconf 80' lang='lat' dir='ltr'>plue,</span> <span class='ocrx_word' id='word_1_76' title='bbox 551 1247 647 1304; x_wconf 86' lang='lat' dir='ltr'>quam·</span> <span class='ocrx_word' id='word_1_77' title='bbox 658 1240 705 1309; x_wconf 87' lang='lat' dir='ltr'>tu,</span> <span class='ocrx_word' id='word_1_78' title='bbox 732 1249 827 1304; x_wconf 86' lang='lat' dir='ltr'>posse</span> <span class='ocrx_word' id='word_1_79' title='bbox 843 1235 968 1296; x_wconf 90' lang='lat' dir='ltr'>lerendo</span> 
     </span>
     <span class='ocr_line' id='line_1_13' title="bbox 191 1314 923 1391; baseline -0.004 -15"><span class='ocrx_word' id='word_1_80' title='bbox 191 1317 284 1376; x_wconf 88' lang='lat' dir='ltr'>Multa</span> <span class='ocrx_word' id='word_1_81' title='bbox 301 1314 466 1391; x_wconf 85' lang='lat' dir='ltr'>supercilio</span> <span class='ocrx_word' id='word_1_82' title='bbox 485 1330 546 1373; x_wconf 89' lang='lat' dir='ltr'>non</span> <span class='ocrx_word' id='word_1_83' title='bbox 562 1315 706 1388; x_wconf 87' lang='lat' dir='ltr'>patienda</span> <span class='ocrx_word' id='word_1_84' title='bbox 722 1325 783 1374; x_wconf 88' lang='lat' dir='ltr'>tuo.</span> <span class='ocrx_word' id='word_1_85' title='bbox 841 1363 846 1391; x_wconf 25' lang='grc' dir='ltr'><em>ἐ</em></span> <span class='ocrx_word' id='word_1_86' title='bbox 921 1361 923 1364; x_wconf 90' lang='grc'>.</span> 
     </span>
     <span class='ocr_line' id='line_1_14' title="bbox 148 1399 826 1475; baseline 0 -15"><span class='ocrx_word' id='word_1_87' title='bbox 148 1401 206 1460; x_wconf 91' lang='lat' dir='ltr'>Per</span> <span class='ocrx_word' id='word_1_88' title='bbox 220 1417 269 1460; x_wconf 89' lang='lat' dir='ltr'>me</span> <span class='ocrx_word' id='word_1_89' title='bbox 284 1401 414 1475; x_wconf 84' lang='lat' dir='ltr'>decepto</span> <span class='ocrx_word' id='word_1_90' title='bbox 432 1399 537 1461; x_wconf 79' lang='lat' dir='ltr'>didicit</span> <span class='ocrx_word' id='word_1_91' title='bbox 552 1399 682 1459; x_wconf 88' lang='lat' dir='ltr'>custode</span> <span class='ocrx_word' id='word_1_92' title='bbox 697 1400 826 1460; x_wconf 81' lang='lat' dir='ltr'>Corinna</span> 
     </span>
     <span class='ocr_line' id='line_1_15' title="bbox 107 1481 780 1557; baseline -0.01 -8"><span class='ocrx_word' id='word_1_93' title='bbox 107 1496 142 1549; x_wconf 85' lang='lat'>50</span> <span class='ocrx_word' id='word_1_94' title='bbox 196 1483 324 1544; x_wconf 85' lang='lat' dir='ltr'>Liminis</span> <span class='ocrx_word' id='word_1_95' title='bbox 338 1483 475 1544; x_wconf 79' lang='lat' dir='ltr'>adstricti</span> <span class='ocrx_word' id='word_1_96' title='bbox 491 1481 655 1542; x_wconf 85' lang='lat' dir='ltr'>sollicitare</span> <span class='ocrx_word' id='word_1_97' title='bbox 671 1483 780 1557; x_wconf 87' lang='lat' dir='ltr'>iidem,</span> 
     </span>
     <span class='ocr_line' id='line_1_16' title="bbox 148 1568 771 1648; baseline -0.003 -20"><span class='ocrx_word' id='word_1_98' title='bbox 148 1569 320 1648; x_wconf 81' lang='lat' dir='ltr'>Delabique</span> <span class='ocrx_word' id='word_1_99' title='bbox 338 1575 407 1627; x_wconf 90' lang='lat' dir='ltr'>toro</span> <span class='ocrx_word' id='word_1_100' title='bbox 423 1568 526 1626; x_wconf 86' lang='lat' dir='ltr'>tunica</span> <span class='ocrx_word' id='word_1_101' title='bbox 542 1568 642 1628; x_wconf 86' lang='lat' dir='ltr'>velata</span> <span class='ocrx_word' id='word_1_102' title='bbox 658 1569 771 1639; x_wconf 89' lang='lat' dir='ltr'>soluta,</span> 
     </span>
     <span class='ocr_line' id='line_1_17' title="bbox 191 1653 889 1726; baseline -0.001 -15"><span class='ocrx_word' id='word_1_103' title='bbox 191 1653 293 1726; x_wconf 80' lang='lat' dir='ltr'>Atque</span> <span class='ocrx_word' id='word_1_104' title='bbox 305 1653 518 1725; x_wconf 87' lang='lat' dir='ltr'>-impercussos</span> <span class='ocrx_word' id='word_1_105' title='bbox 533 1657 624 1708; x_wconf 88' lang='lat' dir='ltr'>nocte</span> <span class='ocrx_word' id='word_1_106' title='bbox 640 1667 765 1711; x_wconf 86' lang='lat' dir='ltr'>movere</span> <span class='ocrx_word' id='word_1_107' title='bbox 781 1653 889 1726; x_wconf 88' lang='lat' dir='ltr'>podes.</span> 
     </span>
     <span class='ocr_line' id='line_1_18' title="bbox 150 1732 879 1809; baseline -0.001 -14"><span class='ocrx_word' id='word_1_108' title='bbox 150 1738 208 1796; x_wconf 89' lang='lat' dir='ltr'>Vel</span> <span class='ocrx_word' id='word_1_109' title='bbox 223 1737 366 1809; x_wconf 89' lang='lat' dir='ltr'>quotiens</span> <span class='ocrx_word' id='word_1_110' title='bbox 382 1734 499 1793; x_wconf 83' lang='lat' dir='ltr'>loribus</span> <span class='ocrx_word' id='word_1_111' title='bbox 515 1734 599 1802; x_wconf 86' lang='lat' dir='ltr'>duris</span> <span class='ocrx_word' id='word_1_112' title='bbox 616 1732 713 1794; x_wconf 88' lang='lat' dir='ltr'>incisa</span> <span class='ocrx_word' id='word_1_113' title='bbox 731 1736 879 1809; x_wconf 85' lang='lat' dir='ltr'>pependi,</span> 
     </span>
     <span class='ocr_line' id='line_1_19' title="bbox 91 1819 846 1893; baseline -0.004 -14"><span class='ocrx_word' id='word_1_114' title='bbox 91 1842 95 1848; x_wconf 90' lang='lat'><strong>·</strong></span> <span class='ocrx_word' id='word_1_115' title='bbox 192 1819 257 1878; x_wconf 91' lang='lat' dir='ltr'>Non</span> <span class='ocrx_word' id='word_1_116' title='bbox 274 1821 403 1878; x_wconf 82' lang='lat' dir='ltr'>veritae</span> <span class='ocrx_word' id='word_1_117' title='bbox 419 1819 532 1892; x_wconf 89' lang='lat' dir='ltr'>populo</span> <span class='ocrx_word' id='word_1_118' title='bbox 549 1825 762 1890; x_wconf 79' lang='lat' dir='ltr'>praetereunte</span> <span class='ocrx_word' id='word_1_119' title='bbox 776 1819 846 1893; x_wconf 90' lang='lat' dir='ltr'>legi.</span> 
     </span>
    </p>
   </div>
   <div class='ocr_carea' id='block_1_3' title="bbox 4 1902 993 1977">
    <p class='ocr_par' dir='ltr' id='par_1_3' title="bbox 4 1902 993 1977">
     <span class='ocr_line' id='line_1_20' title="bbox 4 1902 993 1977; baseline 0 -11"><span class='ocrx_word' id='word_1_120' title='bbox 4 1925 6 1930; x_wconf 93' lang='lat'>·</span> <span class='ocrx_word' id='word_1_121' title='bbox 107 1914 142 1966; x_wconf 85' lang='lat'>55</span> <span class='ocrx_word' id='word_1_122' title='bbox 155 1904 230 1977; x_wconf 82' lang='lat' dir='ltr'>Quin</span> <span class='ocrx_word' id='word_1_123' title='bbox 246 1919 304 1977; x_wconf 90' lang='lat' dir='ltr'>ego</span> <span class='ocrx_word' id='word_1_124' title='bbox 321 1919 368 1961; x_wconf 90' lang='lat' dir='ltr'>me</span> <span class='ocrx_word' id='word_1_125' title='bbox 385 1903 522 1972; x_wconf 89' lang='lat' dir='ltr'>memini,</span> <span class='ocrx_word' id='word_1_126' title='bbox 547 1902 620 1960; x_wconf 93' lang='lat' dir='ltr'>dum</span> <span class='ocrx_word' id='word_1_127' title='bbox 635 1909 739 1962; x_wconf 84' lang='lat' dir='ltr'>custos</span> <span class='ocrx_word' id='word_1_128' title='bbox 755 1918 868 1963; x_wconf 87' lang='lat' dir='ltr'>saevus</span> <span class='ocrx_word' id='word_1_129' title='bbox 884 1904 993 1977; x_wconf 87' lang='lat' dir='ltr'>abiret,</span> 
     </span>
    </p>
   </div>
   <div class='ocr_carea' id='block_1_4' title="bbox 60 1986 1025 3570">
    <p class='ocr_par' dir='ltr' id='par_1_4' title="bbox 60 1986 1025 3570">
     <span class='ocr_line' id='line_1_21' title="bbox 193 1986 741 2046; baseline -0.004 0"><span class='ocrx_word' id='word_1_130' title='bbox 193 1987 331 2046; x_wconf 83' lang='lat' dir='ltr'>Ancillae</span> <span class='ocrx_word' id='word_1_131' title='bbox 345 1986 472 2044; x_wconf 87' lang='lat' dir='ltr'>missam</span> <span class='ocrx_word' id='word_1_132' title='bbox 488 1986 646 2046; x_wconf 88' lang='lat' dir='ltr'>delituisse</span> <span class='ocrx_word' id='word_1_133' title='bbox 664 1986 741 2045; x_wconf 90' lang='lat' dir='ltr'>sinu.</span> 
     </span>
     <span class='ocr_line' id='line_1_22' title="bbox 152 2070 868 2144; baseline 0.001 -15"><span class='ocrx_word' id='word_1_134' title='bbox 152 2071 242 2144; x_wconf 85' lang='lat' dir='ltr'>Quid,</span> <span class='ocrx_word' id='word_1_135' title='bbox 264 2086 332 2131; x_wconf 86' lang='lat' dir='ltr'>cum</span> <span class='ocrx_word' id='word_1_136' title='bbox 347 2070 395 2130; x_wconf 88' lang='lat' dir='ltr'>me</span> <span class='ocrx_word' id='word_1_137' title='bbox 411 2085 520 2129; x_wconf 89' lang='lat' dir='ltr'>munus</span> <span class='ocrx_word' id='word_1_138' title='bbox 536 2070 627 2128; x_wconf 90' lang='lat' dir='ltr'>natali</span> <span class='ocrx_word' id='word_1_139' title='bbox 644 2071 749 2142; x_wconf 87' lang='lat' dir='ltr'>mittis,</span> <span class='ocrx_word' id='word_1_140' title='bbox 772 2077 802 2129; x_wconf 90' lang='lat' dir='ltr'>at</span> <span class='ocrx_word' id='word_1_141' title='bbox 816 2072 868 2130; x_wconf 90' lang='lat' dir='ltr'>illa</span> 
     </span>
     <span class='ocr_line' id='line_1_23' title="bbox 192 2152 926 2230; baseline 0 -16"><span class='ocrx_word' id='word_1_142' title='bbox 192 2155 330 2230; x_wconf 87' lang='lat' dir='ltr'>Rumpit,</span> <span class='ocrx_word' id='word_1_143' title='bbox 353 2161 384 2213; x_wconf 92' lang='lat' dir='ltr'>et</span> <span class='ocrx_word' id='word_1_144' title='bbox 400 2153 544 2228; x_wconf 84' lang='lat' dir='ltr'>adposita</span> <span class='ocrx_word' id='word_1_145' title='bbox 557 2152 689 2212; x_wconf 90' lang='lat' dir='ltr'>barbara</span> <span class='ocrx_word' id='word_1_146' title='bbox 705 2155 809 2213; x_wconf 87' lang='lat' dir='ltr'>mersit</span> <span class='ocrx_word' id='word_1_147' title='bbox 824 2163 926 2229; x_wconf 72' lang='lat' dir='ltr'>aqua?</span> 
     </span>
     <span class='ocr_line' id='line_1_24' title="bbox 149 2237 810 2298; baseline -0.003 -2"><span class='ocrx_word' id='word_1_148' title='bbox 149 2237 248 2296; x_wconf 89' lang='lat' dir='ltr'>Prima</span> <span class='ocrx_word' id='word_1_149' title='bbox 263 2246 332 2298; x_wconf 88' lang='lat' dir='ltr'>tuae</span> <span class='ocrx_word' id='word_1_150' title='bbox 347 2238 429 2297; x_wconf 92' lang='lat' dir='ltr'>movi</span> <span class='ocrx_word' id='word_1_151' title='bbox 444 2237 544 2296; x_wconf 78' lang='lat' dir='ltr'>felicia</span> <span class='ocrx_word' id='word_1_152' title='bbox 560 2238 680 2296; x_wconf 87' lang='lat' dir='ltr'>semina</span> <span class='ocrx_word' id='word_1_153' title='bbox 691 2239 810 2297; x_wconf 88' lang='lat' dir='ltr'>mentis.</span> 
     </span>
     <span class='ocr_line' id='line_1_25' title="bbox 105 2321 973 2396; baseline -0.003 -11"><span class='ocrx_word' id='word_1_154' title='bbox 105 2333 142 2385; x_wconf 86' lang='lat'>60</span> <span class='ocrx_word' id='word_1_155' title='bbox 196 2321 305 2382; x_wconf 89' lang='lat' dir='ltr'>Munus</span> <span class='ocrx_word' id='word_1_156' title='bbox 320 2322 427 2393; x_wconf 88' lang='lat' dir='ltr'>habet,</span> <span class='ocrx_word' id='word_1_157' title='bbox 451 2323 534 2394; x_wconf 90' lang='lat' dir='ltr'>quod</span> <span class='ocrx_word' id='word_1_158' title='bbox 549 2321 652 2380; x_wconf 86' lang='lat' dir='ltr'>teiam</span> <span class='ocrx_word' id='word_1_159' title='bbox 669 2323 756 2396; x_wconf 89' lang='lat' dir='ltr'>petit,</span> <span class='ocrx_word' id='word_1_160' title='bbox 778 2323 835 2381; x_wconf 87' lang='lat' dir='ltr'>iata</span> <span class='ocrx_word' id='word_1_161' title='bbox 850 2327 973 2382; x_wconf 62' lang='lat' dir='ltr'>meum?</span> 
     </span>
     <span class='ocr_line' id='line_1_26' title="bbox 150 2406 926 2480; baseline 0.001 -16"><span class='ocrx_word' id='word_1_162' title='bbox 150 2407 299 2465; x_wconf 84' lang='lat' dir='ltr'>Desierat.</span> <span class='ocrx_word' id='word_1_163' title='bbox 328 2406 418 2480; x_wconf 85' lang='lat' dir='ltr'>coepi</span> <span class='ocrx_word' id='word_1_164' title='bbox 437 2409 505 2479; x_wconf 73' lang='lat' dir='ltr'>‘per</span> <span class='ocrx_word' id='word_1_165' title='bbox 520 2421 576 2465; x_wconf 86' lang='lat' dir='ltr'>vos</span> <span class='ocrx_word' id='word_1_166' title='bbox 592 2413 753 2480; x_wconf 89' lang='lat' dir='ltr'>utramque</span> <span class='ocrx_word' id='word_1_167' title='bbox 766 2423 926 2480; x_wconf 86' lang='lat' dir='ltr'>rogamus,</span> 
     </span>
     <span class='ocr_line' id='line_1_27' title="bbox 193 2489 811 2550; baseline 0 -4"><span class='ocrx_word' id='word_1_168' title='bbox 193 2489 227 2548; x_wconf 92' lang='lat' dir='ltr'>ln</span> <span class='ocrx_word' id='word_1_169' title='bbox 242 2505 356 2548; x_wconf 85' lang='lat' dir='ltr'>vacuas</span> <span class='ocrx_word' id='word_1_170' title='bbox 372 2503 462 2548; x_wconf 87' lang='lat' dir='ltr'>aures</span> <span class='ocrx_word' id='word_1_171' title='bbox 479 2489 572 2548; x_wconf 83' lang='lat' dir='ltr'>verba</span> <span class='ocrx_word' id='word_1_172' title='bbox 588 2490 717 2549; x_wconf 90' lang='lat' dir='ltr'>timentis</span> <span class='ocrx_word' id='word_1_173' title='bbox 733 2499 811 2550; x_wconf 89' lang='lat' dir='ltr'>eant.</span> 
     </span>
     <span class='ocr_line' id='line_1_28' title="bbox 60 2573 925 2648; baseline -0.005 -16"><span class='ocrx_word' id='word_1_174' title='bbox 60 2611 62 2614; x_wconf 94' lang='lat'>-</span> <span class='ocrx_word' id='word_1_175' title='bbox 149 2574 256 2634; x_wconf 80' lang='lat' dir='ltr'>&#39;Altera</span> <span class='ocrx_word' id='word_1_176' title='bbox 270 2589 318 2632; x_wconf 91' lang='lat' dir='ltr'>me</span> <span class='ocrx_word' id='word_1_177' title='bbox 334 2581 455 2648; x_wconf 87' lang='lat' dir='ltr'>sceptro</span> <span class='ocrx_word' id='word_1_178' title='bbox 472 2573 601 2632; x_wconf 88' lang='lat' dir='ltr'>decoras</span> <span class='ocrx_word' id='word_1_179' title='bbox 621 2573 746 2648; x_wconf 79' lang='lat' dir='ltr'>altoque</span> <span class='ocrx_word' id='word_1_180' title='bbox 761 2573 925 2633; x_wconf 81' lang='lat' dir='ltr'>cothurno:</span> 
     </span>
     <span class='ocr_line' id='line_1_29' title="bbox 143 2657 887 2730; baseline -0.001 -16"><span class='ocrx_word' id='word_1_181' title='bbox 143 2669 145 2673; x_wconf 86' lang='grc'><strong><em>·</em></strong></span> <span class='ocrx_word' id='word_1_182' title='bbox 192 2657 254 2716; x_wconf 88' lang='lat' dir='ltr'>lam</span> <span class='ocrx_word' id='word_1_183' title='bbox 271 2673 351 2716; x_wconf 88' lang='lat' dir='ltr'>nunc</span> <span class='ocrx_word' id='word_1_184' title='bbox 367 2663 505 2716; x_wconf 88' lang='lat' dir='ltr'>contacto</span> <span class='ocrx_word' id='word_1_185' title='bbox 521 2671 651 2730; x_wconf 87' lang='lat' dir='ltr'>magnus</span> <span class='ocrx_word' id='word_1_186' title='bbox 665 2658 695 2716; x_wconf 92' lang='lat' dir='ltr'>in</span> <span class='ocrx_word' id='word_1_187' title='bbox 711 2673 767 2716; x_wconf 87' lang='lat' dir='ltr'>ore</span> <span class='ocrx_word' id='word_1_188' title='bbox 780 2673 887 2716; x_wconf 85' lang='lat' dir='ltr'>sonus.</span> 
     </span>
     <span class='ocr_line' id='line_1_30' title="bbox 107 2741 867 2806; baseline -0.009 -4"><span class='ocrx_word' id='word_1_189' title='bbox 107 2749 141 2802; x_wconf 79' lang='lat'>65</span> <span class='ocrx_word' id='word_1_190' title='bbox 153 2743 258 2800; x_wconf 88' lang='lat' dir='ltr'>Altera</span> <span class='ocrx_word' id='word_1_191' title='bbox 274 2741 331 2800; x_wconf 86' lang='lat' dir='ltr'>das</span> <span class='ocrx_word' id='word_1_192' title='bbox 346 2749 451 2801; x_wconf 89' lang='lat' dir='ltr'>nostro</span> <span class='ocrx_word' id='word_1_193' title='bbox 466 2741 616 2806; x_wconf 87' lang='lat' dir='ltr'>victurum</span> <span class='ocrx_word' id='word_1_194' title='bbox 629 2757 740 2800; x_wconf 91' lang='lat' dir='ltr'>nomen</span> <span class='ocrx_word' id='word_1_195' title='bbox 756 2741 867 2799; x_wconf 82' lang='lat' dir='ltr'>amori:</span> 
     </span>
     <span class='ocr_line' id='line_1_31' title="bbox 115 2824 1025 2900; baseline 0 -18"><span class='ocrx_word' id='word_1_196' title='bbox 115 2893 117 2900; x_wconf 29' lang='grc' dir='ltr'>Ι</span> <span class='ocrx_word' id='word_1_197' title='bbox 191 2825 272 2898; x_wconf 88' lang='lat' dir='ltr'>Ergo</span> <span class='ocrx_word' id='word_1_198' title='bbox 290 2825 381 2897; x_wconf 86' lang='lat' dir='ltr'>ades,</span> <span class='ocrx_word' id='word_1_199' title='bbox 402 2833 432 2884; x_wconf 89' lang='lat' dir='ltr'>et</span> <span class='ocrx_word' id='word_1_200' title='bbox 445 2824 545 2897; x_wconf 87' lang='lat' dir='ltr'>longis</span> <span class='ocrx_word' id='word_1_201' title='bbox 563 2825 702 2884; x_wconf 88' lang='lat' dir='ltr'>versibus</span> <span class='ocrx_word' id='word_1_202' title='bbox 718 2825 798 2884; x_wconf 88' lang='lat' dir='ltr'>adde</span> <span class='ocrx_word' id='word_1_203' title='bbox 812 2824 925 2882; x_wconf 87' lang='lat' dir='ltr'>brevis.</span> <span class='ocrx_word' id='word_1_204' title='bbox 1017 2830 1025 2847; x_wconf 78' lang='lat'><strong>¹</strong></span> 
     </span>
     <span class='ocr_line' id='line_1_32' title="bbox 149 2907 913 2982; baseline 0 -16"><span class='ocrx_word' id='word_1_205' title='bbox 149 2908 300 2981; x_wconf 80' lang='lat' dir='ltr'>Exiguum</span> <span class='ocrx_word' id='word_1_206' title='bbox 319 2909 381 2967; x_wconf 91' lang='lat' dir='ltr'>vati</span> <span class='ocrx_word' id='word_1_207' title='bbox 397 2909 549 2980; x_wconf 89' lang='lat' dir='ltr'>concede,</span> <span class='ocrx_word' id='word_1_208' title='bbox 573 2907 757 2982; x_wconf 80' lang='lat' dir='ltr'>Tragoedia,</span> <span class='ocrx_word' id='word_1_209' title='bbox 781 2915 913 2980; x_wconf 87' lang='lat' dir='ltr'>tempus.</span> 
     </span>
     <span class='ocr_line' id='line_1_33' title="bbox 190 2991 990 3066; baseline 0.003 -17"><span class='ocrx_word' id='word_1_210' title='bbox 190 2991 234 3050; x_wconf 85' lang='lat' dir='ltr'>Tu</span> <span class='ocrx_word' id='word_1_211' title='bbox 249 2991 337 3052; x_wconf 88' lang='lat' dir='ltr'>labor</span> <span class='ocrx_word' id='word_1_212' title='bbox 351 3000 503 3052; x_wconf 87' lang='lat' dir='ltr'>aeternus.</span> <span class='ocrx_word' id='word_1_213' title='bbox 533 2991 619 3066; x_wconf 90' lang='lat' dir='ltr'>quod</span> <span class='ocrx_word' id='word_1_214' title='bbox 634 2993 709 3066; x_wconf 89' lang='lat' dir='ltr'>petit</span> <span class='ocrx_word' id='word_1_215' title='bbox 722 2992 789 3062; x_wconf 85' lang='lat' dir='ltr'>illa,</span> <span class='ocrx_word' id='word_1_216' title='bbox 811 2991 906 3051; x_wconf 83' lang='lat' dir='ltr'>breve</span> <span class='ocrx_word' id='word_1_217' title='bbox 920 2995 990 3051; x_wconf 82' lang='lat' dir='ltr'>est’</span> 
     </span>
     <span class='ocr_line' id='line_1_34' title="bbox 150 3074 974 3150; baseline 0.001 -16"><span class='ocrx_word' id='word_1_218' title='bbox 150 3074 233 3135; x_wconf 86' lang='lat' dir='ltr'>Mota</span> <span class='ocrx_word' id='word_1_219' title='bbox 251 3075 335 3135; x_wconf 86' lang='lat' dir='ltr'>dedit</span> <span class='ocrx_word' id='word_1_220' title='bbox 349 3078 485 3137; x_wconf 86' lang='lat' dir='ltr'>veniam·</span> <span class='ocrx_word' id='word_1_221' title='bbox 508 3076 604 3135; x_wconf 86' lang='lat' dir='ltr'>teneri</span> <span class='ocrx_word' id='word_1_222' title='bbox 622 3084 822 3150; x_wconf 88' lang='lat' dir='ltr'>properentur</span> <span class='ocrx_word' id='word_1_223' title='bbox 838 3091 974 3148; x_wconf 87' lang='lat' dir='ltr'>amores,</span> 
     </span>
     <span class='ocr_line' id='line_1_35' title="bbox 107 3159 923 3234; baseline -0.002 -14"><span class='ocrx_word' id='word_1_224' title='bbox 107 3166 142 3220; x_wconf 84' lang='lat'>70</span> <span class='ocrx_word' id='word_1_225' title='bbox 195 3159 274 3218; x_wconf 90' lang='lat' dir='ltr'>Dum</span> <span class='ocrx_word' id='word_1_226' title='bbox 288 3166 387 3218; x_wconf 84' lang='lat' dir='ltr'>vacat.</span> <span class='ocrx_word' id='word_1_227' title='bbox 417 3176 435 3219; x_wconf 92' lang='lat' dir='ltr'>a</span> <span class='ocrx_word' id='word_1_228' title='bbox 448 3167 534 3233; x_wconf 88' lang='lat' dir='ltr'>tergo</span> <span class='ocrx_word' id='word_1_229' title='bbox 548 3160 696 3233; x_wconf 78' lang='lat' dir='ltr'>grandius</span> <span class='ocrx_word' id='word_1_230' title='bbox 711 3167 819 3234; x_wconf 87' lang='lat' dir='ltr'>urguet</span> <span class='ocrx_word' id='word_1_231' title='bbox 835 3175 923 3234; x_wconf 86' lang='lat' dir='ltr'>opus.</span> 
     </span>
     <span class='ocr_line' id='line_1_36' title="bbox 94 3287 1000 3401; baseline -0.001 -19"><span class='ocrx_word' id='word_1_232' title='bbox 94 3291 123 3382; x_wconf 76' lang='lat'>2</span> <span class='ocrx_word' id='word_1_233' title='bbox 157 3287 248 3384; x_wconf 53' lang='lat' dir='ltr'>‘Non</span> <span class='ocrx_word' id='word_1_234' title='bbox 263 3342 321 3401; x_wconf 90' lang='lat' dir='ltr'>ego</span> <span class='ocrx_word' id='word_1_235' title='bbox 339 3327 484 3388; x_wconf 89' lang='lat' dir='ltr'>nobilium</span> <span class='ocrx_word' id='word_1_236' title='bbox 504 3329 599 3388; x_wconf 86' lang='lat' dir='ltr'>sedeo</span> <span class='ocrx_word' id='word_1_237' title='bbox 616 3328 772 3388; x_wconf 82' lang='lat' dir='ltr'>studiosus</span> <span class='ocrx_word' id='word_1_238' title='bbox 788 3342 951 3400; x_wconf 81' lang='lat' dir='ltr'>equorum:</span> <span class='ocrx_word' id='word_1_239' title='bbox 994 3350 1000 3370; x_wconf 62' lang='grc'>’-</span> 
     </span>
     <span class='ocr_line' id='line_1_37' title="bbox 191 3409 956 3486; baseline -0.003 -18"><span class='ocrx_word' id='word_1_240' title='bbox 191 3409 246 3468; x_wconf 86' lang='lat' dir='ltr'>Cui</span> <span class='ocrx_word' id='word_1_241' title='bbox 260 3416 362 3470; x_wconf 83' lang='lat' dir='ltr'>tamen</span> <span class='ocrx_word' id='word_1_242' title='bbox 376 3413 446 3486; x_wconf 89' lang='lat' dir='ltr'>ipsa</span> <span class='ocrx_word' id='word_1_243' title='bbox 460 3413 563 3484; x_wconf 87' lang='lat' dir='ltr'>laves,</span> <span class='ocrx_word' id='word_1_244' title='bbox 585 3415 688 3471; x_wconf 89' lang='lat' dir='ltr'>vincat</span> <span class='ocrx_word' id='word_1_245' title='bbox 701 3418 735 3470; x_wconf 89' lang='lat' dir='ltr'>ut</span> <span class='ocrx_word' id='word_1_246' title='bbox 751 3411 815 3481; x_wconf 88' lang='lat' dir='ltr'>ille,</span> <span class='ocrx_word' id='word_1_247' title='bbox 839 3425 956 3483; x_wconf 87' lang='lat' dir='ltr'>precor.</span> 
     </span>
     <span class='ocr_line' id='line_1_38' title="bbox 146 3493 936 3570; baseline -0.001 -19"><span class='ocrx_word' id='word_1_248' title='bbox 146 3493 187 3552; x_wconf 91' lang='lat' dir='ltr'>Ut</span> <span class='ocrx_word' id='word_1_249' title='bbox 201 3494 345 3568; x_wconf 87' lang='lat' dir='ltr'>loquerer</span> <span class='ocrx_word' id='word_1_250' title='bbox 358 3503 472 3567; x_wconf 89' lang='lat' dir='ltr'>tecum,</span> <span class='ocrx_word' id='word_1_251' title='bbox 495 3497 581 3570; x_wconf 80' lang='lat' dir='ltr'>veni,</span> <span class='ocrx_word' id='word_1_252' title='bbox 604 3504 766 3568; x_wconf 88' lang='lat' dir='ltr'>tecumque</span> <span class='ocrx_word' id='word_1_253' title='bbox 781 3493 936 3566; x_wconf 88' lang='lat' dir='ltr'>sederem,</span> 
     </span>
    </p>
   </div>
   <div class='ocr_carea' id='block_1_5' title="bbox 0 0 1240 4010">
    <p class='ocr_par' dir='ltr' id='par_1_5' title="bbox 0 0 1240 4010">
     <span class='ocr_line' id='line_1_39' title="bbox 0 0 1240 4010; baseline 0 0"><span class='ocrx_word' id='word_1_254' title='bbox 0 0 1240 4010; x_wconf 95' lang='lat' dir='ltr'> </span> 
     </span>
    </p>
   </div>
  </div>
 </body>
</html>
