2498 4008
110 315 118 332 .
149 274 214 338 210
515 269 655 332 ARTIS
676 269 816 332 AMAT.

233 428 312 487 Dum
327 426 399 486 lacit
413 424 582 498 ingenium,
604 423 698 498 petite
712 422 782 482 hinc
797 427 976 497 praecepta,
997 424 1132 501 puellae,

278 510 358 584 Quas
374 509 475 583 pudor
490 514 520 568 et
535 508 619 580 leges
632 515 665 568 et
677 522 735 566 sun
748 506 816 565 iura
828 506 942 566 sinunt.

232 595 388 654 Venturae
403 607 554 653 memores
569 591 630 653 iam
644 604 723 650 nunc
739 595 838 650 estote
852 597 1012 651 senectae:

191 687 226 758 ep
280 675 331 736 Sic
348 676 462 735 nullum
476 673 566 735 vobis
581 682 702 748 tempus
717 671 811 733 abibit
824 672 917 733 iners.

233 760 312 822 Dum
329 760 414 833 lieet,
434 765 464 818 et
480 771 573 820 veros
589 758 774 818 etiamnunc
789 757 878 816 editis
895 773 1004 833 annos,

275 842 393 904 Ludite.
416 849 488 901 eunt
502 842 572 902 anni
588 855 673 900 more
687 839 811 900 fluentis
825 855 935 914 aquae.

233 927 296 986 Nec
311 941 391 1002 quae
404 924 573 1000 praeteriit,
594 924 702 984 iterum
716 924 908 984 revocabitur
923 924 1013 997 unde,

273 1009 336 1068 Nee
352 1025 432 1083 quae
446 1006 615 1083 praeteriit,
636 1007 713 1068 bora
727 1007 827 1066 redire
843 1013 953 1082 potest.

191 1104 225 1158 65
236 1092 387 1153 Utendum
403 1098 450 1152 est
465 1097 574 1152 aetate.
597 1091 657 1150 cito
673 1090 752 1164 pede
767 1090 877 1151 labitur
891 1097 985 1162 aetas,

274 1176 336 1236 Nec
351 1176 433 1235 bona
449 1183 510 1236 tam
525 1174 676 1248 sequitur,
701 1189 791 1247 quam
806 1173 890 1234 bona
905 1174 1003 1248 prima
1017 1174 1082 1234 luit.

232 1259 297 1318 Hos
313 1274 387 1332 ego,
403 1259 464 1332 uui
480 1265 604 1329 canent,
625 1256 751 1318 frutices
766 1257 894 1317 violaria
909 1257 986 1316 vidie

274 1342 340 1401 Hac
355 1341 427 1400 mihi
443 1342 482 1402 de
497 1342 588 1415 spina
601 1347 687 1414 grate
700 1355 816 1400 corona
830 1341 901 1400 data
915 1347 972 1401 est.

232 1426 364 1499 Tempus
381 1425 451 1496 erit,
475 1429 598 1499 quotu,
622 1438 701 1498 quae
714 1438 794 1484 nunc
810 1425 949 1484 excludis
965 1430 1114 1498 amantes,

190 1516 225 1573 to
276 1507 399 1582 Frigida
413 1508 537 1568 deserta
550 1514 640 1566 noete
655 1506 769 1566 iacebis
785 1523 873 1581 anne,

232 1593 295 1652 Nec
308 1598 360 1651 tua
375 1592 529 1666 frangetur
544 1596 690 1650 nocturna
705 1590 884 1664 ianuarium,
993 1626 995 1630 .

276 1674 393 1749 Sparsa
406 1690 463 1736 nec
478 1673 618 1734 invenies
630 1673 735 1734 limina
747 1689 836 1732 mane
850 1689 933 1734 rosa.

233 1759 329 1832 Quam
344 1759 424 1818 cito..
441 1773 490 1818 me
504 1758 684 1818 miserumt..
707 1759 847 1817 laxentur
862 1773 994 1834 corpora
1006 1757 1103 1834 rugis,

273 1841 311 1900 Et
326 1842 404 1915 perit
417 1842 448 1900 in
462 1842 558 1902 nitido
574 1841 625 1916 qui
639 1841 693 1900 luit
708 1855 761 1901 ore
777 1841 871 1901 color.

190 1932 224 1987 75
237 1925 381 2001 Quasque
395 1924 492 1984 luisse
507 1925 560 1986 tibi
576 1939 669 1984 canas
685 1940 703 1984 a
719 1924 835 1999 virgine
849 1925 943 2000 iuras,
1037 1961 1048 1976 ·

275 2007 468 2082 Spargentur
480 2008 581 2070 subito
596 2023 652 2083 per
666 2014 759 2083 caput
776 2023 866 2068 omne
880 2024 997 2069 comae.

231 2091 391 2166 Anguibus
406 2093 526 2152 exuitur
540 2090 624 2152 tenui
639 2107 708 2152 eum
721 2093 800 2166 pelle
817 2099 963 2167 vetustas,

272 2175 335 2235 Nec
353 2175 468 2237 faciunt
482 2191 593 2236 cervos
610 2189 725 2236 cornua
739 2176 818 2236 iacta
833 2192 935 2236 senes.

230 2258 342 2319 Nostra
357 2260 423 2319 sine
438 2260 551 2320 auxilio
570 2259 686 2333 lugiunt
700 2257 791 2318 bona.
812 2261 926 2334 carpite
941 2258 1061 2331 florem,

189 2349 224 2404 ito
278 2342 348 2416 Qui,
370 2342 430 2401 nisi
446 2347 568 2418 carptus
584 2343 653 2414 erit,
676 2342 802 2416 turpiter
815 2341 883 2418 ipse
899 2344 997 2403 cadet.

231 2425 338 2499 Adde,
361 2427 445 2500 quod
460 2432 608 2500 alpertus
623 2425 737 2486 iaciunt
753 2426 894 2486 breviora
910 2428 1054 2488 iuventae

176 2555 178 2560 .
272 2507 432 2583 Tempora
456 2509 600 2570 continua
614 2525 716 2570 messe
732 2511 867 2571 senescit
881 2526 963 2586 ager.

230 2589 366 2652 Latmius
380 2591 555 2670 Endymion
570 2608 633 2654 non
649 2591 779 2666 esttibi,
800 2594 901 2668 Luna,
921 2593 1042 2654 rubori:

272 2674 336 2735 Nec
351 2676 502 2751 Cephalus
511 2692 626 2739 roseae
641 2676 757 2752 praeda
770 2678 915 2752 pudenda
931 2677 1020 2736 deae.

188 2766 222 2822 85
233 2756 273 2818 Ut
287 2759 416 2831 Veneri,
439 2775 529 2835 quem
542 2761 626 2835 luget
639 2760 754 2834 adhuc,
777 2762 905 2821 donetur
918 2761 1056 2821 Adonis:

272 2841 361 2904 Unde
376 2843 469 2904 babet
481 2845 609 2906 Aenean
624 2843 882 2920 Harmoniamque
899 2851 996 2904 suost

229 2925 273 2984 Ite
291 2941 347 3000 per
361 2927 550 3002 exemplum,
572 2943 670 3002 genus
687 2930 861 3002 d-mortale,
883 2929 1018 3003 dearum,

275 3009 392 3070 Gaudia
405 3025 463 3070 nee
478 3011 598 3086 cupidis
615 3017 719 3072 vestra
732 3018 841 3086 negate
854 3012 938 3071 viris.

229 3091 343 3152 Uliam
358 3093 527 3168 decipiant,
549 3095 623 3169 quid
638 3095 787 3169 perditisr
808 3096 910 3155 omnia
923 3099 1075 3155 constant.

188 3185 224 3240 9⁰
276 3175 359 3236 Mille
373 3176 443 3236 lieet
459 3185 591 3251 sumant,
614 3178 733 3253 deperit
746 3179 818 3238 inde
832 3177 917 3238 nibil.

232 3259 402 3320 Conteritur
417 3261 547 3334 serrum,
568 3262 671 3324 silices
686 3269 847 3324 tenuantur
860 3261 899 3322 ab
913 3275 989 3322 usne

272 3343 406 3417 Sufficit,
430 3352 461 3405 et
474 3346 576 3404 damni
592 3362 664 3420 pars
679 3353 762 3406 caret
776 3345 827 3405 illo
841 3351 933 3405 metu,

233 3425 306 3497 Quis
323 3432 404 3486 vetet
420 3427 563 3500 adposito
579 3430 679 3488 lumen
696 3430 735 3488 de
750 3429 863 3490 lumine
879 3428 979 3488 sumit

275 3506 388 3578 Quisve
404 3524 480 3568 cavo
496 3518 600 3572 vastas
617 3512 648 3570 in
665 3527 748 3572 mare
763 3521 865 3574 servet
879 3515 1001 3594 aquosi
