2488 4006
168 256 219 317 VI.
242 252 389 316 HYPSIP.
413 251 473 316 141
488 287 526 300 --
541 251 614 316 164.
648 254 715 314 vll.
740 252 832 314 DIDO
856 253 991 318 1-51.
1050 253 1092 320 93

1095 352 1111 389 Ι

193 407 331 481 Moenia,
356 421 413 466 neo
431 412 554 482 sceptro
572 405 683 466 tradita
698 422 817 467 summa
831 413 905 468 tuor

152 491 245 552 Faota
259 489 354 565 iugis,
377 489 519 550 iacienda
534 489 624 565 petis.
646 491 825 566 quaerenda
839 506 896 566 per
909 490 1014 552 orbem

194 576 315 648 Altera,
339 574 478 647 quaesita
492 581 540 634 est
554 574 650 634 altera
662 581 743 633 terra
759 575 823 634 tibi.
1042 641 1045 646 ‚

110 668 144 722 15
156 657 195 719 Ut
208 664 320 718 terram
335 656 491 732 invenias,
514 657 583 733 quis
597 673 665 717 eam
680 657 733 717 tibi
747 658 847 718 tradet
859 657 1055 720 habendaml

195 741 268 816 Quis
285 757 342 802 sua
355 757 418 802 non
432 742 512 810 notis
528 757 604 801 arva
618 741 745 802 terenda
759 739 864 802 dabira

152 826 239 886 Alter
254 841 340 886 amor
354 824 408 886 libi
422 832 518 886 restat
532 825 694 887 habendus
710 833 739 886 et
754 827 848 888 altera
862 826 958 887 Dido:

195 909 355 984 Quamque
370 909 477 970 iterum
494 910 601 983 sallas,
624 910 719 970 altera
735 909 837 970 danda
854 911 944 970 lidos.

153 992 282 1066 Quando
298 993 368 1066 erit,
390 999 423 1051 ut
437 993 555 1053 condas
570 993 667 1052 instar
682 992 872 1068 Carthaginis
891 993 1007 1067 urbem,

109 1086 146 1139 20
195 1076 235 1134 Et
250 1075 358 1134 videas
373 1077 507 1150 populos
523 1078 602 1137 altus
618 1075 657 1134 ab
672 1091 744 1136 aroe
759 1082 850 1136 tuost

154 1159 260 1219 Omnia
273 1164 305 1218 ut
320 1159 478 1230 eveniant,
502 1174 559 1218 neo
578 1166 607 1219 te
621 1165 672 1218 tua
687 1166 760 1234 vota
774 1165 939 1232 morentur,

193 1242 282 1303 Unde
296 1240 364 1316 tibi,
387 1249 511 1316 quaele
528 1240 574 1302 sio
589 1249 685 1315 amet,
706 1257 787 1302 uxor
801 1243 879 1302 erit?

68 1355 74 1359 ·
151 1325 246 1398 Uror,
266 1332 301 1385 ut
314 1325 440 1386 inducto
456 1332 577 1386 aeratae
592 1326 717 1400 sulpure
731 1324 851 1385 taedae.

109 1419 144 1472 26
197 1411 325 1469 Aenean
340 1409 441 1469 animo
455 1424 581 1486 noxque
596 1407 726 1484 diesque
738 1410 840 1470 refert.

152 1493 206 1552 llle
221 1492 345 1567 quidem
360 1494 439 1553 male
453 1500 556 1568 gratus
573 1500 603 1552 et
617 1493 657 1552 ad
670 1509 738 1554 mea
751 1508 877 1554 munera
892 1493 1015 1568 surdus,

194 1575 232 1635 Et
250 1593 328 1652 quo,
351 1577 377 1636 si
393 1592 453 1638 non
469 1578 526 1636 sim
543 1579 649 1649 stulta,
670 1593 775 1637 carere
788 1577 895 1636 velim=

152 1661 218 1720 Non
235 1666 335 1718 tamen
350 1661 494 1731 Aenean,
516 1661 657 1734 quamvis
673 1663 753 1722 male
768 1662 896 1736 cogitat,
918 1660 986 1720 odi:

108 1751 144 1804 30
199 1742 261 1803 Sed
278 1757 390 1816 queror
403 1742 547 1817 infidum,
570 1750 742 1819 questaque
755 1745 844 1826 peius
859 1758 939 1804 amo.

152 1826 263 1898 Parce,
283 1827 407 1901 Venus,
430 1827 534 1900 nurui,
557 1827 727 1901 durumque
740 1828 925 1902 amplectere
940 1827 1074 1901 fratrem,

194 1909 300 1970 Frater
313 1911 418 1971 Amor.
441 1910 551 1970 eastris
566 1909 671 1971 militet
685 1910 735 1974 ille
750 1911 820 1970 tuis.

152 1993 213 2054 Aul
227 2007 285 2068 ego
302 2009 382 2068 quae
397 1994 487 2069 coepi
502 2010 575 2070 neq;
598 1995 679 2054 enim
694 1995 846 2070 dedignor
860 2009 963 2054 amare
1048 2027 1093 2040 -

194 2077 352 2138 Materiam
368 2093 461 2138 aurae
476 2079 622 2153 praebeat
637 2079 687 2138 ille
701 2095 798 2140 meae.

108 2168 142 2222 35
153 2159 269 2234 Fallor,
292 2167 323 2220 et
337 2161 397 2222 ista
410 2161 483 2221 mibi
498 2161 577 2222 lalso
593 2163 720 2223 iactatur
735 2163 846 2238 imago.

193 2244 298 2305 Matris
315 2245 353 2306 ab
368 2246 490 2322 ingenio
506 2246 638 2306 dissidet
654 2246 704 2306 ille
720 2261 806 2312 suae.

150 2327 193 2388 Te
207 2329 286 2404 lapis
301 2336 331 2391 et
345 2335 466 2390 montes
480 2330 646 2405 innataque
659 2330 787 2405 rupibus
803 2328 873 2390 altis

193 2411 334 2488 Robora,
355 2420 386 2473 te
401 2429 516 2474 saevae
528 2427 721 2488 progenuere
736 2415 829 2488 serae,

148 2493 212 2556 Aut
226 2511 324 2571 mare,
348 2498 438 2573 quale
452 2497 541 2558 vides
557 2498 664 2573 agitari
678 2513 759 2558 nune
776 2511 902 2572 quoque
917 2492 1033 2556 ventis:

105 2586 142 2642 40
195 2579 261 2653 Quo
277 2586 378 2640 tamen
390 2581 531 2642 adversis
546 2578 689 2643 fluctibus
705 2581 750 2640 ire
764 2596 867 2655 paras.

151 2661 217 2736 Quo
235 2663 339 2738 luglsr
358 2664 460 2726 obstat
472 2665 608 2739 hiemps!
630 2665 747 2726 Hiemis
761 2663 835 2724 mihi
849 2665 946 2740 gratia
959 2663 1069 2740 prosit

192 2747 324 2822 Aspice,
346 2756 379 2809 ut
393 2763 519 2810 eversas
536 2749 666 2811 concitet
680 2764 772 2808 eurus
788 2763 898 2822 aquas.

151 2829 241 2904 Quod
255 2831 308 2891 tibi
323 2832 505 2906 malueram,
528 2834 595 2893 sine
609 2847 659 2892 me
672 2832 787 2892 debere
801 2830 962 2908 procellis=

192 2914 304 2975 Iustior
319 2922 367 2976 est
380 2916 481 2977 animo
497 2924 606 2978 ventus
622 2924 653 2977 et
668 2917 753 2977 unda
767 2923 830 2977 tuo.

104 3005 140 3060 45
152 2997 219 3057 Non
234 3014 292 3073 ego
309 3015 377 3060 sum
390 3001 481 3075 tanti,
505 2999 590 3076 quod
604 3015 667 3062 non
681 3000 833 3075 verearis,
853 2999 971 3078 inique,¹
1046 3031 1091 3047 -

191 3081 231 3142 Ut
244 3095 371 3157 pereas,
393 3084 466 3144 dum
480 3100 529 3144 me
544 3101 600 3161 per
614 3085 692 3146 irata
705 3085 798 3160 longa
811 3084 903 3159 tugis.

148 3164 284 3227 Exerces
300 3167 436 3241 pretiosa
452 3168 524 3229 odia
539 3176 570 3230 et
585 3168 758 3229 constantia
772 3184 893 3244 magno,

193 3247 238 3322 Si,
262 3250 335 3313 dum
347 3265 397 3311 me
413 3268 535 3327 careas,
559 3253 676 3314 esttibi
691 3252 751 3312 vile
766 3253 853 3313 mori.

147 3331 210 3390 lam
226 3335 308 3394 venti
322 3343 453 3412 ponent,
477 3342 634 3413 strataque
649 3337 818 3413 aequaliter
832 3333 916 3398 unda

101 3425 138 3476 50
193 3415 348 3479 Caeruleis
363 3418 466 3481 Triton
482 3436 538 3495 per
551 3436 635 3482 mare
650 3425 751 3482 curret
765 3420 864 3494 equis.

144 3497 190 3561 'l'u
207 3516 333 3580 quoque
349 3519 419 3566 oum
432 3504 531 3566 ventis
547 3506 661 3567 utinam
675 3503 829 3566 mutabilis
844 3511 970 3566 esseut..
