2498 4008
359 291 361 300 ’
434 287 461 362 1,
482 285 680 350 151-500.
1008 288 1066 352 181

34 487 37 493 .
131 440 215 501 Neve
230 439 340 514 aliquis
355 435 458 498 verbis
475 439 601 500 odiosas
617 438 725 500 0110001
740 439 833 514 auris,

65 532 120 587 490
173 524 267 596 Quam
284 527 372 596 poles
389 521 537 600 ambiguis
552 522 680 582 callidus
698 522 776 582 abde
791 522 880 582 neti-s.

131 605 194 667 Seu
209 606 339 681 pedibus
353 605 460 665 vacuis
475 605 517 664 1111
533 607 671 681 spatiosa
685 613 798 666 teretur

172 687 326 760 Porticus,
347 689 397 747 hic
413 687 515 748 000100
530 697 562 748 10
578 704 702 763 000000
717 689 807 764 iunge
821 703 938 748 meres=

130 773 167 833 Et
182 773 275 833 modo
292 773 459 847 praecedas
475 772 582 846 facito,
604 774 695 836 modo
713 779 798 847 terga
813 772 962 846 sequaris,

172 857 210 916 Et
224 857 316 916 modo
332 856 472 929 festines,
496 858 525 916 'e't
539 856 630 915 modo
647 860 745 916 lentus
760 871 828 916 east

64 939 191 1002 4951100
206 941 258 1000 1101
274 940 312 998 de
326 939 434 998 mediis
450 939 565 1013 aliquot
578 939 707 1000 transire
722 941 878 1000 columnas

131 1071 135 1076 .
174 1022 220 1083 Sit
235 1023 350 1098 pudor,
373 1030 424 1082 aut
438 1023 523 1081 lateri
538 1024 734 1082 continuasse
751 1025 838 1083 lalus.

130 1107 193 1165 Ncc
211 1107 320 1165 sinete
339 1120 432 1166 curvo
449 1106 556 1166 sedeat
570 1107 714 1180 speciosa
727 1107 858 1166 theatro:

175 1188 262 1261 Quod
277 1194 413 1261 spectes,
436 1189 549 1247 umeris
566 1189 682 1248 adferet
695 1189 746 1246 illa
761 1191 835 1247 suis.

130 1272 213 1331 Illam
227 1271 392 1345 respicias,
415 1270 495 1330 illam
511 1270 619 1330 mirere
633 1269 749 1330 licebit:

63 1365 119 1416 500
170 1355 264 1414 1110110
279 1354 456 1429 supercilio,
478 1355 571 1414 multa
586 1355 712 1428 loquare
727 1354 816 1414 notis.

128 1437 166 1497 Et
182 1437 326 1512 plaudas,
349 1437 479 1513 aliquam
496 1438 586 1496 mimo
602 1439 730 1497 saltante
747 1437 891 1512 puellam=

171 1521 208 1580 Et
227 1522 332 1580 laveas
350 1521 405 1591 illi,
428 1521 568 1596 quisquis
585 1529 691 1596 agatur
705 1537 820 1581 amans.

130 1605 203 1664 Cum
218 1604 328 1677 surgit,
352 1619 472 1677 surges
495 1605 594 1664 donec
608 1605 697 1665 sedet
711 1605 776 1675 illa,
798 1603 931 1664 sedebis.

171 1686 461 1747 Arbitrlc'dominac
477 1691 616 1760 tempora
631 1689 725 1762 perde
738 1695 817 1747 tuae.

63 1780 117 1832 505
130 1770 192 1831 Sed
207 1771 260 1830 tibi
275 1783 331 1828 000
346 1771 425 1828 lerro
441 1769 561 1844 placeat
574 1777 717 1844 torquere
733 1772 870 1845 capillos,

171 1854 234 1913 Nec
248 1862 299 1913 tua
315 1853 450 1912 mordaci
467 1853 587 1926 pumice
602 1860 794 1912 0000010000.

128 1935 416 2010 101010001001001,
440 1935 564 2009 quorum
581 1933 725 2013 Cybeleia
741 1943 836 1995 mater

173 2020 346 2080 Concinitur
359 2019 500 2096 Phrygiis
515 2020 668 2079 exululata
682 2019 792 2078 modis.

128 2102 239 2162 Forma
252 2103 335 2162 viros
350 2104 486 2162 neclecta
501 2103 597 2162 decet.
630 2102 765 2163 Minoida
778 2101 915 2162 Theseus

64 2195 119 2247 510
174 2186 319 2258 Abstulit,
341 2187 456 2244 000110
470 2193 608 2260 tempore
625 2194 764 2262 comptus
780 2201 847 2245 000.

129 2268 329 2346 Hippolytum
342 2267 495 2338 Phaedra,
518 2285 575 2328 nec
590 2277 654 2328 erat
668 2268 747 2329 bene
763 2270 875 2343 cultus,
898 2270 1019 2330 amavit.

173 2352 250 2422 Cura
265 2352 341 2410 deae
356 2351 442 2410 silvis
458 2358 546 2426 aptus
563 2351 681 2412 Adonis
699 2359 772 2412 erat.

129 2434 275 2494 Munditie
290 2435 442 2509 placeant,
464 2435 620 2516 fuscentur
635 2451 766 2510 corpora
781 2435 911 2510 Camp0=

173 2515 217 2576 Sit
233 2516 312 2576 0000
327 2518 510 2578 0000001000
527 2526 556 2576 01
571 2519 637 2577 0100
650 2519 719 2578 1000
733 2527 821 2594 to‘ga:

63 2609 115 2661 515
125 2600 302 2674 Linguaque
317 2601 479 2675 nerigeat,
503 2609 624 2661 careant
638 2603 776 2677 rubigine
792 2603 907 2677 dentes,
984 2637 986 2642 ·

171 2683 233 2742 Nec
247 2699 345 2756 vagus
360 2685 389 2741 10
404 2684 473 2745 laxa
488 2700 543 2759 pes
558 2685 610 2744 tibi
625 2687 706 2760 pelle
721 2693 816 2745 natet:
836 2735 840 2743 .
962 2683 964 2687 '

128 2766 190 2825 Nec
207 2767 286 2824 male
300 2761 449 2826 deformet
462 2768 577 2842 rigidos
591 2775 718 2830 tonsura
732 2768 874 2844 capillos=

172 2849 217 2915 Sit
231 2865 332 2922 cerna,
353 2851 392 2909 sit
407 2851 498 2910 docta
511 2851 606 2910 barba
617 2859 739 2912 ¹resecta
753 2868 854 2912 manu.

127 2931 164 2991 Et
179 2932 251 2991 niltil
265 2933 430 3005 emineant,
454 2942 484 2993 et
498 2935 559 2994 sint
573 2935 640 2994 sine
657 2935 799 2995 sordibus
813 2949 948 3010 ungues:

64 3023 116 3076 500
169 3017 265 3092 10000
280 3031 357 3076 0000
371 3017 471 3077 nullus
488 3024 546 3077 stet
560 3017 613 3077 1101
626 3034 701 3081 nare
716 3019 806 3093 pilus.

127 3098 190 3158 Nec
204 3102 282 3160 male
298 3101 416 3160 odorati
432 3103 471 3159 sit
484 3100 578 3162 tristis
593 3102 742 3161 anhelitus
758 3100 834 3162 oris:

168 3182 230 3242 Nec
244 3183 344 3242 laedat
358 3184 440 3243 naris
455 3185 564 3259 virque
580 3192 726 3260 paterque
740 3185 852 3260 gregis.

127 3265 234 3324 Cetera
247 3266 381 3326 10001000
396 3268 521 3339 saciant,
545 3269 695 3341 concede,
718 3268 848 3342 puellae,

167 3348 205 3407 Et
221 3349 318 3422 siquis
333 3351 411 3409 male
427 3351 473 3408 vir
488 3352 606 3426 quaerit
619 3350 733 3409 habere
747 3349 854 3408 virum.

62 3439 112 3491 525
123 3430 220 3503 Ecce,
241 3447 329 3492 suum
343 3440 444 3492 vatem
459 3433 549 3493 Liber
563 3441 662 3494 vocat.
686 3433 735 3490 hic
750 3447 875 3507 000000
890 3431 1019 3498 amanlis

167 3515 315 3588 Adiuvat,
340 3524 370 3575 01
384 3515 539 3588 flammae,
565 3533 625 3590 qua
641 3517 719 3575 calet
732 3515 814 3590 ipse,
838 3517 928 3574 taret.
