2498 4008
141 225 204 290 110
503 221 645 308 naris
666 221 805 283 11111.

161 388 213 442 100
225 379 287 439 Nec
303 393 360 438 sua
374 365 524 452 perpetuo
540 375 724 436 contendant
737 373 789 434 ilia
802 375 875 449 risu,
993 389 996 394 ·

270 461 333 522 Sed
347 462 415 520 leve
429 461 535 520 nescio
553 459 628 534 quid
642 459 868 534 femineumque
883 467 1004 520 sonent.

170 560 173 568 ’
225 545 296 618 Est,
316 561 396 620 quae
411 559 559 620 perverso
574 541 765 617 distorqueat
781 557 835 602 ora
853 543 1019 604 cachinno:

151 635 158 644 ·
270 628 343 688 Cum
359 629 423 688 risu
440 629 520 688 laeta
535 633 582 686 cst
597 629 704 700 altera,
727 625 802 685 llere
818 633 917 701 putes.

226 713 281 771 Illa
296 719 386 771 sonat
399 727 523 772 raucum
540 710 687 785 quiddam
702 717 792 784 atquc
806 709 968 770 inamabile
982 711 1070 784 ridet,

162 804 215 858 100
266 796 306 856 Ut
319 795 400 876 rudit
414 812 433 855 a
450 793 560 854 scabra
574 793 670 867 turpis
686 795 782 853 asella
797 795 886 854 mola.

228 880 294 953 Quo
312 895 374 939 101
390 883 615 952 arspenetratt
638 876 758 936 discunt
774 877 934 937 lacrimare
951 878 1106 954 1100011101,

270 962 400 1037 Quoque
413 964 519 1020 volunt
533 962 654 1034 plorant
667 968 821 1034 tempore,
846 976 970 1036 quoque
984 963 1087 1022 modo.

228 1046 320 1119 pud,
344 1060 412 1106 oum
427 1045 561 1119 legitima
575 1044 731 1102 fraudatur
749 1043 845 1102 littera
861 1060 950 1118 voce,

261 1129 443 1202 Blaesaque
457 1129 491 1186 lit
507 1128 593 1187 iusso
611 1128 713 1200 lingua
728 1134 835 1187 000010
850 1135 951 1188 sonet

163 1213 260 1274 10511
274 1212 348 1271 vitio
366 1213 461 1271 decor
478 1217 539 1283 est,
562 1210 715 1284 quaedam
732 1211 812 1269 male
827 1212 958 1271 reddere
969 1210 1083 1272 verba:

268 1295 396 1355 Discum
410 1310 506 1370 posse
520 1294 635 1364 minus,
660 1309 750 1369 quam
768 1301 909 1369 potuere,
931 1295 1026 1369 loqui.
1073 1289 1078 1298 '

229 1377 376 1438 Omnibus
393 1378 455 1451 his,
478 1376 623 1450 quoniam
639 1384 782 1451 prosunt,
806 1378 962 1452 inpendite
981 1395 1093 1438 curam.

269 1461 385 1521 Discite
400 1461 531 1520 lamineo
548 1474 679 1534 corpora
694 1461 774 1520 10110
789 1462 896 1536 gradu

226 1544 282 1605 Est
294 1551 324 1606 01
338 1543 369 1604 11
384 1544 509 1604 incessu
526 1559 600 1618 pars
614 1560 675 1604 non
691 1550 867 1619 contempta
883 1543 1022 1605 decoris:

163 1637 216 1690 300
268 1625 371 1688 Allicit
388 1629 509 1702 ignotos
524 1628 575 1686 ille
590 1627 736 1703 fugatque
755 1629 849 1687 viros.

226 1713 311 1772 llaec
325 1718 428 1772 110101
446 1717 510 1772 arte
528 1712 623 1784 latus,
646 1712 821 1786 tunicisque
833 1710 995 1771 liuentibus
1014 1727 1106 1770 auras

268 1795 405 1870 Accipit,
427 1800 574 1855 extensos
590 1794 710 1870 lertque
726 1794 987 1871 superbapedes=

226 1879 281 1938 Illa
294 1881 377 1938 velut
391 1878 526 1941 coniunx
542 1877 648 1938 Umbri
664 1877 834 1949 rubicunda
850 1879 950 1938 mariti
993 1900 995 1905 ·

269 1962 428 2036 ambulat,
449 1960 580 2036 ingentis
595 1961 701 2020 varica
717 1962 837 2036 lertque
851 1963 977 2037 gradus.

162 2053 215 2108 305
226 2044 290 2105 Sed
304 2044 358 2120 sit,
377 2045 455 2106 utin
470 2045 587 2120 multis,
606 2045 718 2104 modus
729 2045 779 2105 hie
792 2061 927 2120 quoque.
949 2045 1081 2105 rusticus
1094 2047 1161 2104 alter

172 2137 178 2158 ⁸
269 2127 387 2204 Motus,
411 2143 564 2190 concesso
579 2128 789 2188 mollioralter
805 2129 870 2188 erit.
1123 2193 1126 2198 ,

226 2212 301 2272 Pars
318 2213 415 2274 umeri
429 2219 531 2272 tamen
546 2212 606 2272 ime
620 2212 677 2285 tui,
702 2227 774 2287 pars
793 2229 913 2274 summa
927 2213 1032 2272 taberti

268 2297 357 2356 Nuda
372 2296 425 2369 sit,
449 2296 572 2356 alaeve
587 2295 808 2369 conspicienda
822 2313 923 2357 manu.

226 2380 294 2439 Hoc
308 2395 366 2440 vos
383 2378 563 2457 praecipue,
585 2379 707 2452 niveae,
732 2379 830 2458 decet.
851 2380 911 2440 hoc
926 2378 976 2440 ubi
993 2378 1066 2453 vidi,

164 2471 216 2525 310
271 2462 384 2524 Oscula
400 2464 615 2536 1010111010,
640 2478 702 2538 qua
717 2468 799 2537 patet
812 2479 928 2538 usque,
952 2461 1034 2521 libet.

227 2546 367 2606 Monstra
383 2546 476 2605 maris
492 2544 732 2626 811010001011,
756 2562 837 2621 quae
851 2561 930 2607 voce
945 2557 1059 2606 canora

270 2629 439 2703 Quamlibet
453 2629 606 2690 admissas
619 2629 778 2691 detinuere
796 2636 888 2690 rates.

226 2714 282 2772 His
298 2729 355 2773 sua
370 2711 555 2789 Sisyphides
571 2712 682 2773 auditis
698 2727 798 2788 paene
812 2713 940 2774 resolvit

270 2796 416 2872 Corpora.
439 2811 510 2856 nam
525 2794 620 2857 sociis
636 2795 720 2855 inlita
734 2811 806 2856 cera
819 2793 885 2858 luit.

163 2879 288 2943 3151100
304 2886 351 2939 est
365 2879 480 2939 blanda
496 2895 600 2940 canora
624 2881 743 2940 discant
759 2886 881 2940 cantare
896 2878 1031 2955 puellae=
1093 2901 1095 2906 ·

269 2961 327 3021 Pro
342 2962 420 3022 10010
436 2963 537 3023 multis
552 2979 616 3024 vox
631 2979 687 3024 sua
701 2965 771 3023 lena
785 2964 849 3023 luit.

227 3044 265 3106 Et
278 3045 371 3106 modo
386 3047 565 3106 marmoreis
581 3048 715 3108 referant
728 3046 832 3107 audita
845 3046 982 3119 theatris,

268 3127 307 3188 Et
320 3129 412 3190 modo
428 3128 551 3189 Niliacis
567 3130 699 3190 carmina
713 3131 782 3191 lusa
795 3130 906 3190 modis.

226 3213 289 3272 Nec
305 3215 451 3286 plectrum
466 3213 590 3285 dextra,
614 3213 759 3274 citharam
775 3213 914 3275 tenuisse
929 3211 1055 3272 sinistra

99 3321 102 3328 ⁴
162 3306 214 3358 310
266 3293 389 3357 Nesciat
399 3297 527 3357 ‘arbitrio
544 3297 655 3356 lamina
671 3297 762 3357 docta
776 3313 856 3358 meo.

214 3378 312 3454 ¹Sana
326 3379 470 3448 ferasque
485 3380 553 3456 lyra
566 3381 662 3439 movit
676 3380 879 3456 Rhodopeius
896 3378 1048 3454 Orpheus,

268 3459 491 3536 Tartareosque
506 3463 591 3523 lacus
605 3463 867 3540 tergeminumque
882 3477 998 3524 canem.
