2488 4006
148 231 210 297 102
273 271 274 274 =
534 228 783 290 HEROIDES.
879 263 881 267 ·

233 384 314 460 Inter
328 387 485 456 serpentes
501 396 657 456 aprosque
670 380 843 454 ‘avidosque
856 379 963 439 leones

275 467 388 538 laetor,
412 471 442 524 et
456 464 606 530 haesuros
621 471 707 523 terna
721 479 778 538 per
795 477 850 524 ora
864 479 966 524 canes.
1066 494 1073 512 «-

158 562 162 572 ’
233 549 282 609 llic
299 549 451 623 pecudum
465 549 561 608 fibrae
576 543 800 622 simulacraque
814 545 918 606 inania
932 547 1033 608 somni

161 669 162 672 =
191 641 226 696 40
280 633 449 707 Ominaque
464 647 575 692 arcana
590 638 679 690 nocte
695 631 789 705 petita
802 639 935 692 movent.
958 666 960 670 -

234 720 382 791 Aucupor
395 715 500 798 infelix
516 717 649 774 incertae
663 730 817 774 murmura
832 715 939 787 lamae,

275 799 401 875 Speque
415 799 504 859 timor
519 797 627 871 dubia,
649 813 787 873 spesque
801 798 909 876 timore
925 797 1029 857 cadit*
1106 821 1108 826 ·

233 884 330 944 Mater
345 882 447 956 abest,
472 883 669 957 queriturque
684 881 743 941 deo
760 881 915 955 placuisse
931 881 1061 956 potenti:

274 967 337 1026 Nec
353 973 438 1041 pater
453 965 672 1042 Amphitryon,
695 979 753 1024 nec
768 981 846 1038 puer
860 965 968 1042 Hyllus
984 965 1081 1024 adest.

190 1059 224 1114 45
234 1050 357 1112 Arbiter
369 1049 561 1127 Eurystheus
576 1049 640 1108 irae
654 1048 778 1108 lunonis
793 1048 915 1122 iniquae

276 1133 408 1194 Sentitur
422 1133 525 1206 nobis,
547 1133 654 1206 traque
669 1133 760 1206 longa
774 1132 861 1192 deae.

232 1217 316 1276 Haec
332 1216 403 1276 mihi
419 1217 498 1276 terre
512 1223 642 1290 parum?
675 1215 858 1290 Peregrinos
874 1211 963 1274 addis
979 1230 1111 1296 amores,
1227 1231 1228 1238 ¹

248 1343 250 1346 .
274 1300 311 1358 itt
325 1308 420 1360 mater
434 1300 473 1359 de
488 1307 517 1360 te
534 1299 686 1374 quaelibet
702 1315 774 1358 esse
789 1307 900 1374 potest.

232 1384 299 1443 Non
314 1399 372 1458 ego
387 1383 555 1444 Partheniis
571 1391 748 1442 temeratam
765 1382 894 1444 vallibus
910 1382 1028 1456 Augen,

190 1477 225 1530 50
277 1468 339 1527 Nee
353 1469 484 1528 reseram
499 1474 621 1542 partuS,
645 1465 766 1526 Ormeni
782 1467 933 1544 nympha,
953 1474 1039 1526 tuos:

193 1620 195 1624 y
231 1551 298 1610 Non
313 1550 366 1610 tibi
382 1553 494 1611 crimen
511 1559 612 1624 erunt,
634 1551 828 1612 'lbeutrantia
842 1550 944 1622 turba,
963 1565 1098 1624 sorores

274 1635 406 1708 Quarum
422 1637 460 1694 de
476 1636 590 1709 populo
606 1636 689 1694 nulla
703 1635 809 1694 relicta
822 1635 875 1694 tibi
891 1640 946 1694 est.

231 1718 313 1791 Una,
334 1734 446 1779 recens
460 1718 588 1793 crimen,
612 1720 760 1779 referetur
774 1719 913 1779 adultera
926 1716 1024 1788 nobis

273 1802 362 1862 Unde
376 1818 435 1876 ego
451 1819 517 1862 sum
532 1802 620 1879 Lydo
637 1803 716 1862 tacta
731 1818 866 1863 noverca
880 1802 983 1862 Lamo.

189 1895 224 1948 55
234 1885 434 1960 Maeandros,
457 1886 546 1946 terris
560 1885 672 1946 totiens
688 1894 804 1946 errator
818 1887 850 1945 in
865 1885 973 1958 isdem,

275 1969 329 2043 Qui
345 1970 444 2030 lassas
460 1970 491 2040 in
505 1986 540 2029 se
552 1985 651 2044 saepe
665 1977 821 2044 retorquet
836 1985 943 2045 aquas,
1002 2031 1004 2040 ,

229 2049 315 2113 Vidit
330 2055 360 2112 in
375 2053 525 2113 Herculeo
542 2070 697 2128 suspensa
711 2054 835 2114 monilia
850 2055 930 2113 eollo

272 2138 342 2209 Illo,
366 2138 414 2196 cui
431 2139 548 2197 caelum
566 2137 689 2220 sarcina
703 2153 798 2213 parva
814 2137 878 2198 luit.

172 2269 178 2295 ,
231 2220 297 2280 Non
312 2221 421 2294 puduit
435 2221 521 2282 sortis
538 2237 613 2281 auro
629 2221 773 2283 cohibere
789 2222 929 2292 lacertos,

188 2313 224 2366 60
276 2305 313 2363 Et
328 2303 436 2364 solidis
451 2320 587 2378 gemmas
603 2306 791 2381 opposuisse
807 2305 892 2372 toris.

230 2387 345 2462 Nempe
360 2387 418 2447 sub
434 2387 482 2448 his
498 2389 627 2448 animam
642 2388 739 2464 pestis
755 2389 908 2450 Nemeaea
921 2387 1042 2448 lacertis

272 2471 390 2544 Edidit,¹
410 2471 494 2532 unde
508 2487 631 2532 umerus
645 2473 778 2548 tegmina
792 2472 899 2532 laevus
914 2469 1016 2532 habet.

229 2555 335 2614 Ausus
350 2569 384 2614 es
399 2555 534 2616 hirsutos
549 2554 637 2616 mitra
650 2555 792 2615 redimire
808 2557 945 2630 capillos.

271 2639 382 2713 Aptior
395 2639 565 2699 Herculeae
579 2641 712 2715 populus
728 2639 798 2698 alba
813 2655 929 2698 comae.

187 2729 220 2784 65
232 2721 293 2782 Nec
308 2730 338 2783 te
352 2722 495 2782 Maeonia
509 2724 644 2783 lascivae
662 2738 747 2782 more
764 2724 885 2797 puellae

269 2806 386 2880 incingi
402 2823 480 2866 zona
495 2806 680 2866 dedecuisse
694 2813 805 2882 potest

189 2936 193 2942 .
226 2887 293 2948 Non
308 2889 362 2948 tibi
378 2891 529 2954 succurrit
543 2891 629 2950 crudi
642 2890 799 2952 Diomedis
814 2891 924 2964 imago,

212 3001 214 3005 ·
268 2971 389 3032 Efferus
406 2972 539 3034 humana
552 2974 606 3048 qui
621 2974 701 3050 dape
715 2975 933 3050 pavitequasr

228 3053 260 3114 Si
276 3062 305 3114 te
319 3054 450 3116 vidisset
465 3058 547 3117 cultu
560 3057 677 3118 Busiris
693 3059 723 3117 in
736 3059 805 3132 isto,

185 3143 219 3199 70
272 3138 349 3198 Huic
365 3140 463 3200 victor
477 3140 558 3201 victo
574 3157 683 3216 nempe
700 3143 864 3217 pudendus
879 3147 970 3202 eras?

226 3223 371 3283 Detrahat
383 3224 521 3283 Antaeus
537 3225 613 3284 duro
630 3225 808 3286 redimicula
822 3227 911 3300 collo,
1006 3289 1010 3296 ,

267 3305 311 3366 Ne
327 3307 430 3380 pigeat
445 3309 527 3368 molli
543 3307 745 3370 subcubuisse
760 3311 840 3381 viro..

210 3463 211 3466 ¹
225 3387 307 3448 lnter
321 3389 461 3450 Ioniacas
479 3391 629 3451 calathum
643 3391 915 3469 tenuissepuellas

267 3469 400 3544 Diceris,
424 3482 454 3533 et
468 3475 609 3534 deminae
624 3477 816 3548 pertimuisse
831 3475 940 3534 minas.
1030 3503 1032 3506 ·
