2472 4010
569 249 772 310 AMORUM
849 263 852 269 “

292 401 364 461 Cum
381 407 493 460 temere
508 387 538 460 in
554 401 643 460 viridi
657 401 793 475 gramine
809 403 892 462 lassa
907 401 996 463 iacet.

249 485 322 546 Cum
343 485 473 558 graciles
490 486 595 544 essent
610 493 710 544 tamen
726 492 754 543 et
768 485 921 560 lanuginis
936 487 1041 559 instar,

247 569 252 582 “
289 569 372 642 Heu,
394 570 474 627 mala
488 576 618 628 vexatae
632 575 745 642 quanta
758 571 854 628 tulere
869 578 991 630 comae!

206 662 241 713 25
253 652 349 726 Quam
365 667 399 710 se
414 651 620 726 praebuerunt
633 653 716 710 lerro
731 652 881 726 patienter
895 662 924 714 et
937 653 1015 728 igni,

161 747 168 764 ⁸
291 736 331 796 Ut
344 735 432 795 fieret
446 741 525 795 torto
540 735 651 794 nexilis
668 735 743 793 orbe
759 736 858 794 sinus!

250 818 423 878 clamabam
438 818 554 877 ‘scelds
570 825 618 877 est
632 818 723 888 istos,
747 820 850 878 scelus
864 833 954 878 urere
969 817 1078 879 crines.

292 901 409 976 Sponte
424 901 543 960 decent.
569 901 674 975 capiti,
696 902 811 973 terrea,
835 917 928 976 parce
942 909 1004 961 tuo.

131 1043 134 1050 ,
248 985 319 1044 Vim
335 987 442 1059 procul
457 985 527 1044 hinc
541 1000 676 1044 remove.
697 993 837 1059 nonest,
861 986 913 1060 qui
929 986 1039 1046 debeat
1052 988 1124 1046 uria
1230 1049 1231 1056 χ

206 1075 242 1131 80
293 1068 401 1128 Erudit
415 1069 554 1127 admotas
570 1072 637 1143 ipsc
652 1069 779 1142 capillus
796 1071 892 1127 acus!

249 1152 418 1212 Formosae
434 1152 553 1226 periere
568 1167 691 1224 comae,
715 1168 792 1226 quas
808 1153 900 1210 vellet
913 1152 1035 1227 Apollo,

295 1235 376 1308 Quas
395 1236 487 1295 vellet
501 1235 592 1310 capiti
606 1235 745 1294 Bacchus
761 1236 866 1296 inesse
879 1251 948 1296 suo.

249 1319 312 1378 lllis
328 1319 521 1392 contulerim,
543 1335 621 1392 quas
637 1319 791 1392 quondam
809 1319 892 1378 nuda
905 1319 1004 1378 Dione

290 1402 426 1476 Pingitur
439 1403 550 1461 umenti
568 1403 751 1462 sustinuisse
765 1419 867 1462 manu.

207 1493 240 1547 35
253 1486 333 1560 Quid
347 1486 426 1545 male
441 1486 611 1560 dispositos
627 1487 765 1560 quereris
779 1487 911 1562 periisse
927 1486 1078 1561 capillos?
1123 1514 1153 1531 -·

293 1569 372 1642 Quid
386 1572 545 1644 speculum
560 1578 677 1630 maesta
691 1571 796 1645 ponis,
818 1571 937 1644 inepta,
959 1576 1073 1630 manu?

249 1653 316 1712 Non
334 1653 415 1712 bene
430 1654 586 1714 consuetis
605 1662 666 1714 ate
682 1655 831 1728 spectaris
847 1654 968 1713 ocellisr

289 1737 329 1797 Ut
343 1739 483 1811 placeas,
504 1737 599 1797 debes
615 1737 772 1798 immemor
786 1753 858 1798 esse
873 1738 926 1798 tui.

248 1819 314 1880 Non
329 1826 359 1880 te
374 1827 513 1880 cantatae
528 1821 682 1882 laeserunt
696 1821 803 1896 pelicis
821 1821 945 1895 herbae,

206 1913 241 1968 40
293 1903 359 1962 Non
376 1919 453 1963 anus
468 1903 636 1964 Haemonia
650 1906 770 1980 perfida
787 1907 861 1966 lavit
875 1915 967 1980 aqua.

246 1988 309 2046 Nec
323 1987 376 2048 tibi
391 1989 440 2046 vis
455 1987 552 2046 morbi
568 1989 719 2061 nocuit‚...
736 1991 844 2064 procul
860 2005 950 2048 omen
965 1985 1105 2047 abesto...

290 2070 353 2128 Nec
368 2071 475 2130 minuit
489 2073 603 2132 densas
619 2073 722 2132 invida
736 2073 839 2147 lingua
854 2088 969 2133 comas

247 2153 340 2222 Facta
355 2170 447 2216 manu
462 2156 615 2230 culpaque
630 2165 682 2216 lua
697 2157 860 2231 dispendia
875 2155 981 2215 sentis.

289 2236 362 2311 Ipsa
378 2237 474 2298 dabas
491 2239 583 2314 capiti
597 2241 695 2306 mixta,
706 2257 824 2300 venena
839 2248 902 2300 luo.

204 2329 238 2382 45
249 2321 336 2385 Nunc
348 2321 403 2382 tibi
418 2323 557 2397 captivos
573 2323 668 2384 mittet
683 2323 843 2382 Germania
858 2323 968 2382 crines.

289 2407 365 2466 Tuta
379 2406 581 2481 triumphatae
596 2422 720 2466 munere
735 2408 833 2480 gentis
848 2407 919 2466 eris.

249 2489 272 2548 0
288 2505 380 2563 quam
396 2505 491 2565 saepe
506 2506 610 2568 comas
627 2491 730 2564 aliquo
744 2493 872 2551 mirante
886 2488 1027 2560 rubebiS,

291 2573 330 2632 Et
346 2574 430 2633 dieas
446 2578 561 2648 ‘empta
575 2591 656 2633 nunc
672 2589 729 2648 ego
746 2591 848 2634 meree
864 2574 988 2649 probor.

248 2657 358 2716 Nescio
376 2673 467 2732 quam
485 2674 541 2740 pro
556 2675 604 2716 me
620 2658 723 2717 laudat
737 2675 817 2718 nunc
832 2660 890 2718 iste
906 2656 1127 2734 Sygambram:

207 2749 242 2801 5ο
292 2740 386 2799 Fama
399 2747 501 2800 tamen
516 2742 637 2800 memini
653 2759 720 2802 cum
736 2743 792 2802 luit
802 2743 865 2804 ista
879 2743 970 2800 mea'

248 2823 297 2882 lile
312 2824 471 2884 miserum!
495 2827 635 2884 lacrimas
650 2827 728 2884 male
744 2827 890 2899 eontinet,
906 2822 1029 2896 'oraque
1044 2824 1157 2886 dextra

290 2906 438 2996 Protegit,
462 2909 611 2982 ingenuas
626 2909 707 2984 pieta
722 2909 835 2970 rubore
849 2925 954 2984 genas.

249 2989 384 3051 Sustinet
398 2993 540 3066 antiquos
555 2993 670 3066 gremio
687 3001 872 3068 spectatque·
886 2994 1022 3069 capillos

290 3074 326 3132 Ei
340 3074 428 3149 mihi,
451 3092 511 3135 non
530 3077 581 3136 illo
596 3093 722 3137 munera
737 3079 829 3151 digna
844 3079 923 3137 loeo.

206 3166 240 3218 55
253 3156 366 3232 Collige
382 3175 449 3218 cum
465 3162 551 3220 vultu
567 3169 712 3221 mentem!
735 3162 905 3236 reparabile
924 3164 1067 3222 damnum
1082 3169 1143 3222 est.

289 3240 455 3302 Postmodo
472 3245 574 3302 nativa
590 3245 782 3318 conspiciere
797 3261 893 3306 coma.

167 3370 220 3463 15
254 3369 340 3474 (iuro
354 3409 441 3479 mihi,
465 3409 557 3467 Livor
572 3411 668 3483 edax,
692 3412 821 3484 ignavos
838 3409 936 3470 obicis
955 3427 1063 3486 annos,

290 3492 469 3566 Ingeniique
483 3507 578 3554 vocas
594 3509 716 3554 carmen
732 3494 836 3558 inertis
852 3503 955 3571 opust
