2472 4010
252 266 255 273 ¹
340 332 342 339 Ι
448 237 751 315 11,7,1-9‚17.

169 393 260 466 Quid,
285 391 369 468 quod
384 392 538 452 inianoilla
553 393 650 467 siquis
667 394 970 471 delinquoropossit,

128 487 161 537 10
214 477 302 534 lllum
316 491 375 550 ego
390 478 533 535 oonieudl
548 484 649 535 menie
664 493 770 537 oarere
785 477 886 540 bonai

168 559 334 623 Thessalus
349 560 476 618 ancillae
486 561 568 620 laoie
582 561 738 620 Briseidos
754 563 841 622 arsin

213 643 310 704 Serva
324 642 648 718 MycenaeoPhoebas
664 653 769 730 amabe
778 646 857 706 duoi.

65 803 70 806 -
167 727 230 786 Nee
248 744 317 786 surn
330 743 389 800 ego
404 728 560 787 Tantalide
575 727 685 800 meior,
706 744 763 788 neo
777 731 873 790 maior
886 731 1015 792 Aebille.

201 811 299 884 ¹Quod
315 811 416 870 decuit
430 827 535 885 regeS,
557 828 610 871 our
625 811 698 872 rrribi
711 820 799 888 turpe
815 821 937 888 putem?

125 905 159 956 15
171 895 211 956 Ul
224 901 325 954 tamen
341 895 479 954 iratosin
495 902 525 954 te
540 895 645 954 defixit
660 898 793 968 ocelloS,

209 979 283 1037 Vidi
296 985 326 1036 te
340 979 414 1038 lotis
425 979 586 1038 erubuisse
597 981 698 1052 genis.

166 1065 207 1120 Al
222 1069 350 1136 quanto,
368 1062 396 1119 si
410 1062 488 1120 forle
502 1064 614 1134 refers,
636 1065 829 1136 praesentior
844 1066 912 1138 ipse

207 1144 264 1202 Per
277 1145 409 1202 Veneris
424 1146 483 1204 leci
499 1145 624 1222 numina
638 1161 748 1218 magne
763 1147 870 1206 fidem!

72 1230 76 1238 ’
166 1231 226 1299 Tu,
250 1228 323 1299 dea,
344 1233 377 1286 11
391 1227 497 1286 iubeas
513 1228 604 1287 animi
622 1228 753 1302 periuria
769 1231 836 1304 puri

120 1320 156 1372 20
211 1310 401 1384 Carpathium
419 1311 540 1386 lepidos
556 1328 611 1386 per
626 1327 707 1370 mure
722 1314 801 1372 lerre
816 1321 916 1376 nelos

163 1395 222 1454 Pro
239 1395 351 1469 quibus
365 1395 475 1460 olfioiis
493 1396 621 1470 prelium
636 1395 707 1456 milri
725 1397 814 1456 duloe
829 1399 964 1472 repende
1054 1401 1056 1406 '

209 1478 394 1539 Concubitus
410 1479 518 1550 hodie,
541 1479 786 1554 lusoaCypassi,
809 1488 889 1540 lues.

164 1563 244 1636 Quid
258 1564 377 1633 renuis,
400 1563 556 1636 fingisque
570 1579 684 1634 novos,
707 1564 838 1640 ingrata,
860 1566 1005 1626 timores?

175 1685 179 1698 ,
206 1645 306 1705 Unum
323 1652 370 1705 est
384 1661 401 1703 e
416 1646 549 1705 dominis
562 1647 731 1706 emeruisse
745 1649 828 1708 salis,

119 1738 154 1789 25
167 1730 257 1803 Quod
277 1728 304 1788 si
320 1730 410 1788 stulta
425 1744 536 1803 neges,
559 1731 650 1788 index
666 1737 805 1790 enleaete
819 1731 950 1806 salebor,

206 1813 243 1870 El
258 1813 377 1871 veniam
395 1813 503 1886 culpae
519 1802 657 1886 p‘rodilor
670 1814 738 1888 ipse
752 1830 853 1889 meae,
945 1847 947 1852 ,

165 1897 294 1970 Quoque
310 1898 380 1956 loeo
393 1903 492 1954 lecum
509 1897 631 1970 luerim,
652 1897 871 1972 quotiensque,
898 1898 1044 1975 Cypassi,

207 1979 343 2038 Narrabo
359 1979 515 2068 dompne,
540 1987 675 2055 quotque
690 1980 864 2056 quibusque
879 1983 990 2044 modis.

109 2112 137 2204 9
165 2109 197 2204 0
213 2165 375 2223 numquam
392 2165 448 2222 pro
463 2164 512 2207 me
527 2149 601 2207 selis
617 2149 771 2222 indignare
787 2150 919 2224 Cupide,

208 2231 231 2291 0
246 2231 276 2290 iu
295 2233 389 2292 eorde
403 2248 472 2290 meo
491 2232 647 2292 desidiose
664 2247 753 2306 puer,

162 2314 242 2388 Quid
259 2331 322 2390 me,
347 2317 400 2389 qui
415 2317 501 2376 miles
517 2332 682 2389 numquam
699 2323 750 2374 lua
765 2317 854 2390 signa
872 2317 996 2392 reliqui,

204 2400 332 2472 Laedis,
352 2405 382 2458 el
396 2399 426 2458 in
443 2399 712 2460 nastrisvulneror
725 2399 794 2472 ipse
811 2401 908 2460 meisi

14 2566 17 2570 ,
116 2493 133 2544 5
159 2483 221 2542 Cur
237 2490 287 2542 lua
302 2484 440 2557 lexerit,
463 2483 527 2557 figit
541 2490 610 2542 tuus
626 2487 717 2542 araus
732 2481 871 2542 amieos?

205 2567 307 2626 Gloria
324 2574 494 2640 pugnantes
507 2567 630 2626 vinoere
645 2566 742 2626 maior
756 2575 830 2626 erat.

159 2650 336 2722 Quid,.non
353 2650 541 2710 Haemonius
558 2663 649 2723 quern
665 2650 792 2724 euspide
806 2651 949 2724 perculit,
972 2651 1064 2712 heros

204 2733 386 2794 Confossum
402 2735 521 2793 medica
536 2734 701 2808 postmodo
716 2734 789 2792 iuvil
804 2741 885 2808 opes

156 2818 297 2876 Venaior
312 2819 450 2892 sequitur
464 2818 623 2891 rugientia,
646 2824 735 2890 capia
748 2818 905 2892 relinquit,

123 2909 159 2960 10
216 2899 344 2976 Semper
358 2909 387 2960 et
401 2902 531 2978 iuvenalis
545 2901 689 2960 ulteriora
704 2901 786 2974 pelli.

155 2983 222 3042 Nos
238 2991 288 3043 lua
302 2987 464 3058 senlimuS,
487 2987 618 3059 populus
634 2985 687 3048 libi
703 2985 836 3055 dedum,
858 2999 957 3046 arura:

201 3067 289 3142 Pigra
303 3069 461 3130 relnolenli
477 3075 580 3128 cesset
595 3068 624 3127 in
640 3069 728 3128 hoste
740 3083 859 3128 manus:

156 3150 337 3224 Quidiuvai
353 3154 384 3212 in
405 3153 494 3212 nudis
510 3153 631 3212 hamale
645 3153 808 3213 retundere
823 3154 883 3210 tela

203 3235 355 3296 Ossibus?
384 3253 458 3296 ossa
472 3235 545 3296 mihi
561 3237 643 3300 nude
657 3237 801 3311 relinquit
815 3251 910 3294 amor.
974 3313 976 3316 Ι

108 3327 142 3378 15
156 3318 219 3379 Tot
233 3320 301 3378 sine
316 3337 418 3380 amore
433 3322 504 3393 viri,
526 3328 571 3381 iot
586 3327 655 3380 sual
669 3321 736 3380 siue
752 3335 855 3378 aurore
871 3318 1003 3392 puellae:

197 3403 276 3462 Hine
291 3406 344 3464 ubi
359 3422 428 3464 oum
442 3421 552 3478 magna
567 3404 657 3464 laude
671 3402 841 3478 triumphus
859 3409 917 3460 eal.

149 3485 270 3560 Rome,
292 3489 351 3547 nisi
366 3484 537 3549 immensum
554 3489 634 3546 vires
650 3485 796 3544 movisset
812 3485 840 3540 in
857 3482 977 3553 orbem,
