2498 4008
32 307 35 312 .
152 261 215 324 roo
477 238 784 354 6661661666.

171 422 224 478 666
277 412 321 472 Sit
334 411 471 487 gracilis,
493 410 590 469 macie
608 425 686 485 quoe
699 410 778 469 male
795 410 866 468 6166
880 425 937 469 666
951 417 1009 470 661.

234 495 290 555 Dic
304 494 448 568 habilem,
458 508 668 568 quaecumque
677 493 791 552 brevis.
805 509 884 568 quac
894 494 1022 568 turgida,
1037 496 1174 569 plenami

276 580 313 638 Et
327 583 419 638 161661
431 578 537 637 vitium
551 576 743 652 proximitate
756 575 839 637 boni.

233 663 297 722 Nec
313 669 423 737 quotus
439 677 536 720 66666
554 669 617 734 661,
639 675 696 718 666
711 675 772 734 quo
788 661 926 734 situata,
945 662 1078 736 require,

277 745 425 816 Consule,
449 760 529 819 quoe
543 743 659 819 rigidus
674 758 800 802 6666666
815 744 932 804 Censor
944 741 1051 805 habet:

169 837 221 892 665
232 828 399 904 Praecipue
415 827 441 888 si
456 826 533 888 llore
548 834 644 899 caret,
664 827 834 902 meliusque
849 833 1005 902 peractum

276 912 424 987 TempuS,
448 919 478 971 et
492 911 628 971 albentes
643 911 702 968 iam
716 910 796 984 leget
810 909 861 968 1116
875 925 989 970 comas,

233 995 337 1069 Utilis,
359 996 534 1066 61666666,
557 999 607 1053 661
620 993 711 1066 haec,
734 1003 785 1053 661
799 994 897 1052 666166
911 1002 1010 1054 aetus:
1090 1067 1093 1072 Ι

276 1080 337 1138 1616
355 1079 431 1138 16661
445 1086 581 1152 segeteS,
603 1077 661 1137 iste
676 1078 825 1137 serendus
840 1093 922 1151 ager.

233 1161 313 1220 Dum
326 1164 407 1222 vires
424 1163 557 1235 annique
572 1160 688 1232 sinunt,
711 1160 838 1220 tolerate
854 1161 989 1220 labores:

170 1252 223 1307 670
275 1246 338 1304 lam
352 1245 454 1303 veniet
468 1246 558 1304 tacito
575 1260 669 1304 66666
683 1252 808 1304 6666616
823 1243 911 1318 pcde.

231 1332 293 1387 Aut
308 1343 390 1386 mare
404 1327 555 1402 remigiis,
576 1333 628 1386 aut
643 1341 768 1386 vomere
782 1327 886 1386 findite
900 1334 1007 1399 166666,

273 1412 336 1470 Α61
350 1412 414 1470 1666
427 1409 590 1484 belligeras
604 1409 707 1469 addite
721 1410 751 1468 in
766 1426 851 1468 arma
864 1426 982 1482 666666,

233 1495 387 1553 Α6116166
406 1494 532 1553 6161666
548 1509 735 1568 operamque
750 1494 867 1552 adserta
886 1492 1011 1568 puellis=

274 1577 341 1637 Hoc
358 1593 483 1651 quoque
497 1576 602 1637 militia
616 1583 677 1650 661,
699 1577 759 1634 1166
774 1592 898 1650 quoquc
913 1577 1031 1650 quaerit
1045 1593 1133 1652 opes.

168 1666 220 1722 675
232 1660 336 1730 Adde,
360 1660 445 1734 quod
460 1667 507 1720 est
521 1661 579 1720 illis
595 1676 722 1734 operum
736 1659 897 1735 prudentia
912 1658 1016 1734 maior,
1089 1713 1093 1720 .

77 1745 80 1750 '
276 1743 368 1803 Solus
383 1751 412 1803 ct
426 1744 557 1803 artifices
574 1743 627 1818 qui
641 1743 726 1816 16611,
746 1759 823 1803 6666
839 1743 937 1802 66661.

233 1826 306 1886 11166
320 1826 475 1887 munditiis
493 1843 640 1886 annorum
655 1826 767 1886 damna
782 1827 963 1902 rependunt,
1056 1829 1060 1840 '

273 1909 311 1968 Et
325 1910 438 1970 iaciunt
454 1925 540 1983 cura,
563 1925 602 1970 ne
616 1910 776 1970 videantur
790 1926 878 1970 anus.
1130 1971 1132 1974 .

232 1992 333 2067 thue
348 1993 440 2066 66116,
462 1989 606 2053 venerem
620 1993 748 2067 iungunt
762 2009 818 2068 per
831 1993 913 2052 nulle
926 1992 1054 2067 figuras=

167 2084 220 2138 686
272 2076 389 2145 1666611
405 2077 509 2151 plures
523 2077 606 2136 nulla
619 2077 731 2137 tabella
744 2077 864 2138 modos.
878 2069 882 2078 ’

225 2159 294 2218 111116
309 2159 436 2220 sentitur
448 2176 510 2221 non
525 2161 644 2221 inritata
657 2163 810 2235 voluptas.

274 2242 361 2316 Quod
375 2245 472 2318 16661,
494 2259 534 2303 ex
549 2259 649 2319 aequo
665 2246 777 2304 lamina
791 2245 899 2318 virque
914 2243 1019 2303 ierant.

232 2325 289 2386 Odi
304 2327 497 2399 6666661166,
521 2329 572 2402 qui
586 2343 647 2388 666
661 2334 823 2402 utrumque
838 2327 1005 2387 resolvunt.

272 2409 337 2468 Hoc
355 2417 417 2483 est,
442 2426 496 2470 cur
511 2411 596 2484 pueri
610 2419 718 2496 tangar
731 2426 835 2470 amore
848 2411 958 2470 minus.

165 2499 217 2554 666
229 2489 286 2551 061
302 2508 381 2566 quae
395 2493 534 2567 praebet,
558 2495 631 2568 quia
644 2495 684 2554 sit
697 2494 845 2569 praebere
857 2509 996 2566 necesse,

274 2574 424 2650 Siccaque
440 2577 478 2636 de
493 2578 562 2636 lana
577 2577 689 2653 cogitat
706 2578 776 2652 ipsa
792 2593 857 2638 sua.

230 2655 313 2732 Quae
329 2659 417 2718 datur
434 2660 551 2734 6111616,
573 2677 635 2721 666
652 2668 699 2721 661
714 2661 786 2719 mihi
802 2669 887 2735 grata
902 2661 1059 2736 voluptas=

271 2740 411 2802 Oiflcium
427 2744 614 2811 laciat'nulla
629 2745 737 2819 puella
744 2743 827 2804 mihi.

227 2823 277 2883 Me
292 2840 388 2886 voces
403 2827 510 2887 audire
524 2829 607 2888 16661
620 2843 677 2888 666
691 2826 804 2902 gaudia
819 2828 935 2887 lassas:

164 2913 217 2969 690
268 2907 368 2982 thue
382 2926 497 2981 morer,
520 2920 630 2970 memet
645 2910 887 2986 sustineamque,
909 2916 1006 2986 roget.

226 2989 383 3062 Aspiciam
398 2993 540 3053 dominae
553 2994 652 3054 victos
670 2995 797 3055 omentis
815 2995 946 3055 ocellos=

268 3072 438 3148 Languent,
461 3083 490 3136 et
503 3077 585 3152 tangi
601 3093 636 3138 se
648 3084 731 3138 66161
746 3078 797 3137 1116
811 3078 872 3138 616.

226 3155 309 3216 Haec
323 3156 406 3217 bona
419 3173 482 3218 non
496 3159 611 3234 primae
626 3161 728 3221 tribuit
740 3168 848 3222 661666
865 3161 1017 3234 iuventae,

269 3239 351 3312 Quae
367 3243 426 3302 cito
441 3249 514 3317 post
528 3251 646 3319 septem
663 3244 759 3305 lustra
773 3245 879 3305 666166
894 3245 1004 3304 661661.

162 3329 213 3384 696
225 3321 280 3394 061
295 3331 474 3400 properant,
497 3342 579 3404 6666
592 3333 692 3387 musta
704 3327 819 3389 bibant.
839 3328 913 3402 mihi
928 3326 1037 3387 tundat
1050 3325 1156 3386 avitum

269 3404 450 3468 Consulibus
464 3410 575 3484 priscis
592 3409 713 3471 condita
725 3418 805 3471 testa
818 3427 946 3470 merum.

225 3484 458 3565 116661616666,
481 3492 639 3566 61616666,
658 3499 761 3567 potest
776 3494 927 3554 obsistere
943 3493 1078 3570 phoebo,
