2472 4010
382 249 409 323 l,
427 247 540 321 1220
557 248 664 323 -14,
681 251 731 312 21.
1025 249 1066 314 lc

135 404 257 481 invida,
280 417 341 475 quc
358 409 530 475 properas?
551 399 639 473 Quod
658 403 722 462 erat
736 403 788 462 tibi
808 403 888 464 filius
904 409 982 474 ater,

175 485 304 546 Materni
320 485 418 544 luerat
434 485 566 560 pectoris
584 485 634 543 ille
649 488 743 546 color.
833 535 838 559 ,

93 579 126 632 35
139 570 267 630 Tithono
283 570 392 628 vellem
407 570 446 628 de
460 575 490 628 te
505 585 630 628 narrare
645 570 762 631 liceret:

178 653 303 714 Femina
317 660 377 712 non
394 653 479 712 caclo
495 653 612 727 turpior
630 655 790 714 ulla‘loret.

135 737 221 796 lllum
237 739 308 796 dum
324 736 440 810 refugis
455 738 561 810 longe,
586 737 658 810 quia
672 738 818 812 grandior
832 752 920 810 aevo,

178 821 285 894 Surgis
301 820 342 878 ad
355 820 472 880 invisas
487 836 505 878 a
521 835 595 878 sene
610 823 698 880 mane
712 829 807 881 rotas.

136 905 176 964 At
190 905 231 978 si,
254 919 346 977 quem
365 903 469 976 malis,
493 903 658 977 Cephalum
673 898 983 980 complexateneres‚

90 994 127 1046 40
184 989 336 1048 Clamores
353 988 445 1046 ‘lente
461 988 583 1060 currite,
607 991 706 1048 noctis
722 989 824 1064 equi?

135 1069 195 1129 Cur
210 1085 267 1144 ego
285 1072 399 1153 plectar
414 1087 535 1150 ainans,
560 1071 586 1128 si
604 1070 674 1129 virt
663 1072 715 1131 tibi
731 1079 845 1131 marcet
859 1069 898 1130 ab
913 1071 1022 1130 annisi

177 1153 254 1212 Num
267 1167 316 1212 me
331 1151 462 1225 nupsisti
478 1152 659 1212 conciliante
675 1154 765 1214 senii
828 1193 870 1215 1-
952 1171 955 1178 ’

133 1237 265 1312 Aspice,
287 1243 363 1309 quot
378 1251 504 1295 somnos
519 1236 622 1294 iuveni
639 1237 760 1302 donarit
776 1255 832 1300 amr
834 1245 874 1297 rto

177 1320 402 1392 Lucanaque
418 1319 498 1378 illius
512 1319 611 1378 torma
623 1321 762 1380 secunda
778 1305 892 1380 tuae

88 1413 123 1464 45
135 1403 211 1478 lpse
227 1404 318 1462 deum
332 1404 466 1476 genitor,
488 1419 527 1462 ne
540 1409 570 1462 te
584 1410 646 1464 tam
660 1419 756 1479 saepe
770 1404 897 1479 videret,

177 1487 333 1546 Commisit
348 1494 454 1547 noctes
470 1487 499 1545 in
513 1503 572 1546 sua
585 1493 659 1548 vota
677 1489 765 1548 duas.

49 1583 54 1593 ‘
132 1571 237 1643 Iurgia
251 1571 397 1630 tiniaram.
429 1568 530 1630 Scires
548 1571 682 1630 audisse.
703 1570 839 1632 rubebat.

175 1653 239 1712 Nec
253 1659 353 1712 tamen
368 1653 497 1712 adsueto
512 1655 628 1714 tardius
645 1661 711 1714 orta
725 1655 802 1714 dies.

51 1787 104 1878 14
134 1783 290 1878 Dicebam
306 1817 472 1876 ‘medicare
486 1824 555 1876 tuos
572 1817 688 1878 desiste
703 1821 865 1894 capillost’

173 1903 304 1975 Tingere
321 1917 412 1974 quam
428 1902 548 1975 possis,
572 1901 632 1960 iam
645 1901 698 1961 tibi
716 1905 797 1962 nulla
814 1919 903 1962 coma
921 1911 978 1962 cst.

130 1990 174 2046 At
195 1986 221 2046 si
237 2001 331 2059 passa
344 1985 442 2056 iores,
467 1985 540 2058 quid
555 1996 620 2046 erat
634 1987 801 2060 spatiosius
815 1988 896 2047 illisi

178 2069 395 2143 Contigerant
387 2085 493 2142 rmum,
517 2085 577 2144 qua
591 2076 676 2144 patet
687 2085 803 2146 usquc
826 2073 915 2130 latus.

103 2152 229 2226 aQuid,
252 2153 336 2227 quod
351 2160 437 2212 erant
450 2159 572 2227 tenues,
593 2160 622 2212 ct
638 2170 717 2228 quos
732 2169 842 2214 ornare
856 2154 987 2226 timeres,

176 2237 256 2295 Vela
271 2237 396 2296 colorati
413 2237 515 2310 qualia
529 2236 620 2296 Seres
636 2236 804 2310 habent,

131 2320 193 2380 Vel
207 2320 288 2395 pede
307 2320 392 2394 quod
406 2321 511 2394 gracili
525 2322 650 2381 deducit
664 2337 777 2380 aranea
793 2320 886 2394 filum,

178 2405 254 2464 Cum
268 2407 336 2464 leve
352 2405 475 2464 deserta
491 2406 547 2465 sub
563 2407 650 2464 trabe
665 2407 756 2465 nectit
771 2420 861 2478 opus
950 2424 953 2426 ·

131 2487 198 2548 Nec
212 2497 313 2548 tamen
328 2495 394 2548 ater
409 2496 487 2562 erat,
510 2505 568 2548 nec
583 2497 648 2548 erat
661 2497 762 2548 tamen
777 2504 888 2548 aureus
903 2487 962 2559 1110,

88 2581 123 2632 10
181 2572 260 2645 Sed,
284 2573 424 2647 quamvis
443 2579 564 2646 neuter,
586 2575 699 2633 mixtus
715 2581 842 2646 uterquc
858 2572 957 2632 color.

133 2656 263 2730 Qualem
282 2657 418 2717 clivosae
432 2657 587 2716 madidis
580 2675 610 2716 m
624 2657 755 2716 vallibus
770 2657 842 2716 ldae

175 2741 286 2800 Ardua
304 2740 432 2816 derepto
448 2742 560 2800 cortice
579 2742 689 2800 cedms
705 2741 805 2799 habet.

130 2825 226 2887 Adde
242 2825 327 2899 quod
343 2833 371 2884 et
387 2825 503 2885 dociles
519 2832 548 2884 et
563 2833 682 2886 centum
697 2823 828 2884 flexibus
846 2820 916 2896 apti,

174 2907 214 2968 Et
227 2908 280 2971 tibi
297 2910 407 2970 nullius
423 2925 518 2969 causa
532 2910 648 2968 doloris
664 2915 758 2968 erant.

89 3001 123 3054 15
134 2991 206 3052 Non
222 2983 296 3054 acus
313 2993 448 3069 abrupit,
471 3009 532 3052 non
548 2995 662 3052 vallum
676 2990 805 3067 pectinis
821 2990 901 3048 illos.

178 3075 320 3137 Ornatrix
335 3085 398 3138 tuto
415 3093 545 3151 corpore
561 3092 683 3150 semper
699 3084 772 3136 erat.

129 3160 216 3220 Ante
230 3177 317 3220 meos
334 3177 428 3236 saepe
443 3161 610 3231 estcculcs
626 3168 747 3232 ornata,
769 3175 826 3220 nec
840 3175 985 3234 umquam

175 3245 328 3304 Bracchia
343 3247 469 3320 derepta
485 3245 590 3304 saucia
606 3245 677 3304 iecit
691 3259 758 3304 acu.

130 3327 238 3403 Saepe
254 3330 359 3399 ctiam,
381 3330 517 3388 nondum
521 3329 660 3406 digestis
674 3343 763 3386 manc
778 3327 905 3400 capillis,

84 3421 147 3473 1ο
176 3411 337 3487 Purpureo
353 3414 445 3472 iacuit
460 3413 649 3486 semisupina
665 3417 743 3470 toro

128 3498 209 3558 Tum
228 3513 351 3572 quoque
366 3505 430 3558 erat
444 3499 579 3556 neclecta
596 3497 726 3566 decens,
748 3500 780 3555 ut
794 3491 920 3630 11002010
934 3486 1055 3548 Bacche
