2498 4008
430 317 483 394 Ill,
505 318 703 388 asa-664.
1017 337 1080 402 aet

139 467 215 528 Tuta
228 484 354 543 quoque
369 477 417 530 est
430 470 565 546 fallitque
580 476 688 536 oculos
703 493 721 541 e
735 480 813 540 lacte
826 485 942 544 recenti

181 553 302 612 Littera.
325 552 465 613 carbonis
482 558 609 629 pulvere
623 564 726 634 lanae,
747 563 843 637 leges.

137 635 234 695 Fallet
250 643 279 694 et
298 636 421 696 umiduli
437 654 517 712 quae
531 639 584 718 fiet
598 644 737 704 acumine
751 645 814 721 lini,
982 687 988 728 χ
1035 686 1078 698 -

72 723 126 779 636
179 719 215 776 Et
231 719 306 778 ieret
321 722 456 782 occultas
472 739 547 795 pura
562 724 673 786 tabella
687 736 785 790 notas.
826 763 828 767 ,

137 801 243 862 Adfuit
257 804 378 862 Acrisio
393 806 565 866 servandae
582 824 655 870 eura
669 813 805 884 puellae:

179 884 267 943 Hune
282 893 381 946 temen
397 887 447 966 illa
461 905 518 950 suc
534 892 659 970 erimine
673 894 744 955 lecit
758 912 857 958 avum.

139 966 214 1038 Quid
231 967 321 1030 iaciat
336 978 455 1040 custos,
480 989 548 1034 cum
564 975 623 1038 sint
637 984 681 1037 tct
694 979 723 1037 in
740 980 821 1040 Urbe
836 982 968 1059 theatra,
984 999 989 1006 '

181 1051 253 1108 Cum
270 1061 387 1126 spectet
404 1055 524 1116 iunctos
539 1057 590 1119 illa
607 1060 735 1124 libenter
749 1079 856 1138 equos,

71 1135 123 1188 635
136 1131 208 1190 Cum
225 1134 331 1194 sedeat
344 1135 472 1196 Phariae
487 1139 586 1200 sistris
597 1143 728 1216 'operata
742 1147 900 1221 iuvencae,

178 1213 307 1287 Quoque
321 1219 369 1275 sui
385 1221 511 1280 comites
527 1222 571 1281 ire
586 1231 739 1298 vetantur,
762 1237 819 1301 eat,

135 1293 209 1354 Cum
224 1296 307 1370 luget
319 1313 340 1356 a
353 1302 474 1375 templis
491 1305 597 1366 oculos
611 1306 699 1368 Bona
713 1310 791 1370 Diva
806 1313 972 1378 ¹uirorum...

174 1376 388 1454 Praeterquam
403 1383 509 1458 siquos
525 1385 575 1446 illa
590 1391 693 1459 veuire
708 1392 844 1454 iubet...l

134 1459 221 1532 Cum,
245 1465 373 1526 custode
387 1467 462 1527 ioris
477 1470 594 1532 tunicas
611 1482 752 1536 servante
768 1482 897 1554 puellae,

64 1547 120 1601 640
141 1615 142 1618 Ἴ
173 1542 275 1604 Celent
291 1547 419 1608 furtivos
434 1550 544 1612 balnea
559 1557 651 1616 multa
668 1557 765 1632 icccc,
863 1613 864 1616 ,

131 1623 227 1698 Cum‚¹
243 1630 383 1701 quotiens
400 1647 478 1705 opus
494 1643 555 1708 est,
578 1639 671 1699 fallax
686 1651 822 1718 aegrotet
837 1647 943 1724 amica,

169 1707 207 1766 Et
222 1711 309 1770 cedat
323 1713 401 1772 lecto
419 1717 582 1788 quaml-ibet
596 1737 688 1795 aegra
704 1742 770 1800 suo,

128 1789 255 1851 Nomine
270 1809 337 1854 cum
353 1797 476 1871 doceat,
499 1801 571 1874 quid
587 1819 729 1881 agamus,
752 1811 891 1876 adultera
905 1819 1009 1893 clavia

171 1875 315 1950 Quasque
330 1887 432 1954 petas,
452 1899 514 1944 non
531 1885 583 1952 det
598 1887 689 1950 lanua
705 1894 787 1975 sola,
812 1897 902 1956 vias?

60 1955 251 2020 carnalitur
265 1965 294 2019 ct
308 1965 402 2024 multo
417 1967 554 2029 custodis
570 1985 643 2030 eura
656 1972 776 2050 Lyaeos

169 2040 224 2099 illa
237 2045 287 2103 vel
302 2045 439 2120 Hispano
454 2050 533 2111 lecta
547 2053 589 2113 sit
604 2071 665 2116 uva
679 2052 772 2132 iugo·
1091 2099 1112 2130 A

127 2121 203 2182 Sunt
218 2142 356 2202 quoque,
381 2147 460 2206 quae
474 2135 586 2196 iaciant
600 2140 679 2200 altos
693 2144 894 2208 medicamina
908 2164 1044 2229 somnos,

167 2204 318 2282 Victaque
331 2211 465 2276 Lethaea
480 2217 592 2280 lumina
605 2231 695 2284 nocte
708 2238 856 2300 premant.

124 2286 186 2347 Nec
199 2293 277 2350 male
292 2294 409 2356 deliciis
425 2299 566 2364 odiosum
583 2308 708 2368 conscie
722 2311 817 2372 tardis

57 2373 111 2428 666
163 2372 296 2448 Detinet,
320 2379 456 2456 etlonga
469 2384 601 2460 iungitur
615 2390 683 2464 ipsa
699 2410 794 2456 mora.

123 2452 201 2525 Quid
212 2454 299 2519 'iuvat
313 2461 457 2539 ambages
473 2479 699 2548 praeceptaque
714 2493 809 2552 parva
824 2497 958 2558 movere,

164 2537 238 2598 Cum
254 2541 376 2605 minimo
392 2558 497 2611 custos
512 2569 637 2616 munere
651 2561 752 2634 possit
766 2565 845 2622 emil

120 2617 263 2698 Munera,
285 2627 378 2688 crede
392 2632 477 2706 mihi,
502 2637 626 2712 capiunt
643 2641 846 2720 hominesque
861 2649 1014 2728 deosque=

160 2701 299 2766 Placatur
313 2711 403 2774 donis
417 2716 554 2794 luppiter
567 2722 635 2797 ipse
651 2725 740 2786 dalis.
1060 2799 1062 2804 .

52 2788 104 2842 655
118 2783 195 2858 Quid
213 2792 338 2864 sapiens
353 2796 457 2873 laeiet,
478 2806 588 2865 stultus
604 2825 697 2882 quum
711 2827 836 2873 munere
849 2816 982 2890 gaudete

157 2869 229 2944 ipse
244 2885 372 2951 queque
385 2891 512 2960 accepto
527 2903 653 2951 munere
666 2901 767 2956 mulus
782 2895 846 2957 erit.

116 2949 179 3012 Sed
193 2957 288 3016 semel
303 2968 351 3021 est
366 2972 471 3028 eustos
486 2970 611 3046 longum
624 2977 824 3040 redimendus
837 2980 869 3042 in
883 2999 1002 3048 aevtrm.

157 3034 257 3114 Saepe
272 3041 370 3118 dabit,
391 3048 509 3113 dederit
525 3072 601 3130 quas
616 3062 711 3122 semel
727 3062 777 3124 ille
791 3080 910 3128 manus.

113 3115 245 3189 Questus
261 3139 358 3203 eram,
382 3134 527 3210 memini,·
542 3143 724 3206 metuendos
740 3162 811 3209 esse
826 3151 967 3215 sodales:

48 3202 100 3258 666
120 3217 122 3220 ·
153 3201 220 3262 Non
234 3211 328 3283 tangit
342 3214 429 3276 solos
444 3218 503 3280 ista
518 3227 655 3296 querella
672 3229 764 3290 viros.

111 3281 241 3352 Credula
257 3293 284 3351 sl
299 3295 409 3372 lucris,
430 3301 508 3362 aliae
522 3313 573 3366 tue
587 3311 700 3382 gaudia
715 3324 848 3392 carpent,

151 3367 189 3430 Et
202 3371 290 3447 lepus
305 3377 355 3439 hie
370 3382 437 3444 aliis
453 3387 622 3462 exagitatus
638 3395 703 3456 erit.

106 3446 191 3515 Haec
208 3473 344 3535 quoque,
369 3482 447 3539 quae
461 3471 588 3544 praebet
601 3472 1046 3571 lectum'studicsalocumque,

65 3624 135 3672 om
149 3534 246 3679 Cfede
261 3544 346 3620 mihi,
370 3565 488 3616 mecum
502 3572 564 3616 non
579 3564 675 3622 semel
688 3565 739 3624 illa
753 3566 818 3630 luit.
932 3598 935 3606 ·

842 3663 875 3714 15
