2472 4010
142 216 185 280 la
215 261 220 274 .
549 217 768 280 AMORUM

271 369 373 441 Dicat,
397 376 428 428 et
440 369 569 432 Aeoliae
583 369 693 430 Lesbis
711 369 809 428 amica
822 371 919 444 lyrae.

217 451 325 524 ,Quam
342 451 401 512 cito
418 453 457 511 de
471 460 535 512 toto
550 453 640 512 rediit
654 467 739 512 meus
755 451 830 511 orbe
844 453 993 529 Sabinus,

272 534 458 610 Scriptaque
474 537 604 597 diversis
619 535 731 612 rettulit
745 535 794 594 ille
809 537 910 596 locist

229 615 367 678 Candida
379 620 534 694 Penelope
550 620 670 694 signum
686 619 831 692 cognovit
844 620 957 680 Ulixis:

186 709 224 772 aa
273 702 360 776 Legit
374 702 412 762 ab
427 703 595 780 liippolyto
612 704 726 778 scripta
740 717 874 762 noverca
889 720 963 766 suo:

229 785 291 843 larn
307 785 376 859 pius
389 785 513 845 Aeneas
526 786 658 846 miserae
672 787 831 860 rescripsit
844 787 981 848 Elissam

271 867 422 941 Quodque
435 871 517 943 legat
529 868 662 946 Phyllis,
686 869 712 928 si
728 869 821 928 modo
836 871 926 943 vivit,
948 872 1052 934 adesir

227 950 334 1010 Tristis
350 951 390 1010 ad
404 950 600 1029 Hypsipylen
616 947 657 1011 ab'
668 953 780 1014 Iasone
793 953 892 1012 littera
907 955 998 1015 venit.

274 1035 332 1092 Det
345 1042 448 1094 votam
462 1035 586 1096 Phoebo
601 1034 710 1094 Lesbis
729 1043 829 1097 amata
842 1039 950 1114 lyram.

186 1116 293 1176 35Nee
306 1116 376 1189 tibi,
400 1135 461 1192 qua
479 1125 575 1178 tutum
590 1119 667 1190 vati,
690 1118 808 1192 Macer,
830 1135 915 1180 arma
929 1122 1047 1180 canenti

271 1200 393 1260 Aureus
409 1202 438 1259 in
456 1202 557 1261 medio
572 1209 668 1261 marte
680 1208 796 1262 tacetur
810 1203 916 1262 Amor.
1015 1275 1020 1290 ι

229 1282 266 1340 Et
279 1282 365 1343 Paris
380 1290 428 1344 est
442 1285 503 1344 illic
518 1292 548 1344 et
561 1286 714 1358 adultera,
737 1285 841 1345 nobile
855 1288 983 1360 crimen,

272 1365 311 1425 Et
326 1382 430 1430 comes
450 1369 583 1428 extincto
597 1367 764 1428 Laodamia
781 1371 859 1428 viro.

231 1447 263 1508 Si
278 1449 358 1510 bene
371 1457 401 1510 te
416 1452 504 1526 novi,
527 1468 589 1513 non
603 1453 683 1512 bella
698 1453 839 1512 libentius
855 1453 921 1516 istis
941 1493 944 1500 ·

186 1538 222 1592 40
274 1532 373 1606 Dicis,
397 1543 427 1594 et
441 1551 459 1594 a
475 1536 586 1596 vestris
601 1537 630 1595 in
649 1551 715 1595 mea
729 1542 831 1596 castra
846 1537 944 1598 venis.

100 1769 102 1776 ἲ
148 1659 202 1754 19
234 1659 272 1756 St
289 1698 341 1757 tibi
359 1715 419 1758 non
436 1715 515 1774 opus
532 1707 579 1760 est
593 1707 728 1776 servata,
739 1702 855 1776 stulte,
878 1703 997 1776 puella,
1023 1693 1026 1699 ’

270 1782 312 1841 At
328 1783 400 1842 mihi
417 1784 464 1842 lac
479 1800 602 1858 serves,
625 1800 685 1858 quo
701 1786 799 1859 magis
815 1787 884 1859 ipse
897 1785 998 1846 veh‘m.

230 1863 318 1937 Quod
331 1866 417 1941 licet,
439 1868 589 1942 ingratum
605 1875 660 1926 est.
694 1869 778 1943 quod
793 1870 954 1944 nonlicet,
978 1868 1079 1930 acrius
1092 1871 1166 1930 urit.

271 1947 402 2010 Ferreus
419 1957 480 2032 est,
504 1951 601 2026 siquis
617 1951 700 2025 quod
717 1951 788 2012 sinit
800 1954 891 2026 alter,
914 1959 1003 2012 amat.

175 2051 176 2054 ¹
201 2029 398 2106 asperemus
415 2035 540 2108 pariter,
563 2034 676 2110 pariter
689 2042 858 2103 metuamus
874 2042 1024 2110 amantea,

270 2114 309 2174 Et
323 2117 414 2176 iaciat
431 2124 502 2177 voto
517 2133 586 2178 rara
600 2121 726 2192 repulsa
740 2119 853 2180 locum.

230 2195 296 2270 Quo
313 2201 386 2261 mihi
401 2202 567 2272 fortunam,
592 2217 673 2276 quae
688 2219 853 2276 numquam
868 2201 973 2260 fallere
988 2210 1094 2262 curet?

201 2345 205 2354 ,
270 2281 317 2341 Nil
331 2299 389 2358 ego
406 2285 490 2358 quod
504 2285 588 2345 nullo
602 2292 741 2361 tempore
757 2286 872 2358 laedat,
892 2301 971 2345 amo.

229 2363 358 2426 Viderat
370 2367 475 2437 hocin
491 2384 539 2428 me
553 2369 659 2446 vitium
672 2375 796 2430 versuta
811 2367 956 2428 Corinna:

188 2456 223 2507 10
276 2447 403 2523 Quaque
418 2451 487 2527 capi
504 2468 645 2526 possem,
666 2452 776 2512 callida
791 2458 879 2511 norat
894 2466 993 2526 opem.

230 2529 272 2588 A!
299 2533 440 2606 quotiens
456 2535 523 2594 sani
539 2536 648 2609 eapitis
663 2537 788 2595 mentita
803 2535 926 2594 dolores
1023 2585 1027 2592 .

229 2673 237 2696 Ι
272 2614 467 2676 Cunctantem
481 2618 568 2677 tardo
584 2619 674 2678 iussit
687 2619 771 2678 abire
787 2619 881 2693 pede!

231 2697 273 2754 A!
297 2701 541 2773 quotiens-finxit
556 2703 691 2779 culpam,
714 2709 919 2780 quantumque
934 2700 1045 2759 ilcebat

270 2781 400 2857 insonti,
422 2785 559 2858 speciem
574 2785 714 2859 praebuit
728 2801 800 2846 esse
812 2791 944 2844 nocens!

190 2871 221 2922 15
234 2862 284 2924 Sic
298 2865 350 2924 ubi
364 2875 506 2942 vexarat,
528 2867 712 2943 tepidosque
725 2870 878 2928 refoverat
892 2868 986 2942 igniS,

249 2949 253 2957 '
270 2949 389 3011 Rursus
405 2958 469 3010 erat
484 2951 563 3010 votis
579 2953 675 3012 comis
691 2959 720 3012 et
734 2957 806 3026 apta
820 2954 906 3024 meis,

229 3029 310 3102 Quas
326 3035 397 3092 milri
411 3035 588 3109 blanditias,
612 3051 702 3109 quam
718 3035 820 3094 dulcia
835 3034 929 3107 verba
944 3031 1086 3107 parabat!

271 3114 398 3190 Oscula,
421 3118 452 3177 di
468 3119 583 3190 magni,
606 3118 707 3191 qualia
722 3125 859 3192 quotque
874 3117 980 3178 dabat!

227 3198 272 3256 Tu
288 3215 428 3277 quoqne,
452 3217 531 3276 quae
547 3208 671 3262 nostros
686 3201 813 3276 rapuisti
831 3217 930 3276 nuper
945 3200 1076 3269 ocellos,

185 3288 220 3340 20
274 3281 375 3357 Saepe
389 3283 460 3342 time
475 3284 617 3357 insidias,
641 3301 736 3358 saepe
750 3290 858 3358 rogata
873 3299 966 3357 nega,

227 3363 264 3423 Et
279 3363 345 3424 sine
361 3383 408 3424 me
424 3373 492 3426 ante
508 3374 577 3426 tuos
595 3369 763 3440 proiectum
779 3367 809 3427 in
825 3367 928 3426 limine
943 3366 1042 3440 postis

269 3443 374 3522 Longa
390 3449 536 3523 pruinosa
550 3451 664 3524 frigora
678 3457 768 3508 nocte
782 3451 856 3523 pali.
