2488 4006
122 225 190 316 34⁶
510 241 755 306 ennomus.

144 408 196 465 175
207 399 358 462 Addimus
370 397 418 458 his
425 395 570 472 precibus
577 395 719 455 lacrimas
728 409 860 470 quoque.
875 395 980 454 Verba
989 394 1152 472 precantis

141 535 151 553 ‚s
250 481 396 558 Perlegis.
419 487 449 541 et
463 480 603 540 lacrimas
618 478 699 553 linge
715 479 820 538 videre
834 493 929 538 meas.

533 609 736 625 *-

613 693 649 753 V.

211 779 370 890 perlegis,
386 831 424 874 an
441 815 573 874 coniunx
588 813 729 889 prohibet
744 821 845 874 noval
866 815 1004 889 perlege!
1021 829 1085 876 non
1099 819 1152 874 est

253 901 315 959 lsla
328 899 499 973 Mycenaea
511 899 610 957 littera
624 899 703 958 lacta
718 914 820 957 niano.

209 975 337 1057 Pegasis
353 980 492 1054 Oenone,
511 981 653 1059 Phrygiis
670 981 867 1041 celeberrima
882 980 979 1054 silvis,

252 1067 353 1128 Laesa
368 1081 481 1142 queror
495 1065 534 1125 de
548 1071 593 1139 te,
615 1063 642 1125 si
657 1065 747 1140 sinis,
768 1063 837 1139 ipsa
851 1079 931 1128 meo.

184 1150 286 1223 oOuis
302 1151 379 1211 deus
395 1149 541 1224 opposuit
554 1148 668 1223 nostris
684 1165 741 1209 sua
755 1149 879 1208 numina
894 1149 996 1208 votis?

254 1233 298 1294 Ne
315 1241 366 1294 tua
379 1247 588 1308 permaneam,
611 1232 697 1306 quod
711 1232 783 1291 niihi
798 1233 911 1292 crimen
927 1231 1037 1292 obest?

212 1316 348 1391 Leniter,
374 1332 413 1375 ex
427 1316 532 1376 merito
550 1316 698 1391 quicquid
712 1317 843 1391 patiare,
865 1314 1025 1376 ferendum
1040 1319 1099 1373 est.

257 1400 341 1473 Quae
355 1401 439 1460 venit
455 1399 580 1474 indigno
596 1415 711 1475 poena,
734 1400 867 1460 dolenda
882 1400 974 1459 venit.

213 1482 354 1543 Nondum
368 1490 468 1544 tantus
483 1498 568 1556 eras,
592 1499 661 1544 cum
674 1490 704 1543 le
719 1490 861 1544 contenta
875 1483 981 1544 marito

172 1575 207 1628 10
257 1567 346 1626 Edita
361 1567 400 1628 de
415 1582 525 1642 magno
541 1565 666 1628 flumine
680 1565 817 1645 nympha
832 1566 884 1628 lui.

215 1649 270 1724 Oui
287 1667 368 1710 nunc
381 1650 596 1725 Priamides...
612 1651 692 1711 absit
708 1651 878 1711 reverentia
893 1665 1000 1710 vero...

258 1733 373 1794 Servus
389 1749 469 1793 eras.
491 1749 582 1794 servo
598 1735 713 1794 nubere
728 1733 865 1812 nympha
879 1734 941 1794 tuli.

216 1815 316 1892 Saepe
332 1832 441 1892 greges
457 1817 535 1878 inter
548 1819 756 1894 requievimus
775 1819 885 1878 arbore
900 1817 980 1890 teeti,

256 1900 413 1975 Mixtaque
429 1915 497 1960 cum
514 1898 594 1961 loliis
610 1901 750 1976 praebuit
763 1901 858 1961 herba
872 1907 981 1962 torum.

174 1990 206 2045 15
219 1982 319 2058 Saepe
335 1998 429 2058 super
444 1991 575 2044 stramen
590 1986 724 2060 fenoque
739 1983 907 2046 iacentibus
925 1985 985 2044 alto

257 2067 391 2127 Defensa
407 2073 454 2128 cst
467 2067 572 2128 huioili
587 2084 664 2128 euna
680 2069 788 2144 pruina
804 2083 887 2128 casa.

95 2225 99 2232 Ι
215 2150 293 2223 Quis*
303 2149 356 2211 tibi
374 2152 562 2212 monstrabat
576 2153 671 2213 saltus
686 2151 848 2212 venatibus
864 2158 962 2227 aptos,

257 2233 294 2294 Et
307 2241 423 2309 tegeret
438 2235 556 2296 catulos
573 2253 633 2311 qua
648 2236 713 2295 lera
726 2251 803 2312 rupe
818 2242 915 2296 suos‘t

215 2317 304 2378 Retia
318 2332 413 2393 saepe
429 2333 533 2378 comes
548 2320 674 2381 maculis
690 2320 833 2380 distincta
846 2318 974 2380 tetendi:

173 2409 209 2462 1ο
261 2400 362 2476 Saepe
376 2402 454 2461 ellos
470 2402 518 2476 egi
532 2419 588 2477 per
601 2404 674 2478 iuga
687 2405 780 2478 longa
795 2419 897 2464 canes.

216 2484 336 2544 Incisae
351 2491 507 2544 servante
521 2495 551 2547 le
565 2502 633 2546 mea
647 2486 770 2547 nomina
782 2487 856 2562 lagi,

258 2566 296 2626 Et
310 2570 395 2644 legor
410 2568 534 2630 Oenone
549 2569 627 2630 lalee
641 2576 744 2631 notata
758 2579 825 2633 tua:

216 2649 254 2711 Et
269 2658 415 2724 quantum
429 2654 540 2727 trunci,
560 2660 674 2716 tantum
688 2670 757 2714 inea
771 2656 895 2716 nomina
910 2657 1064 2712 crescunt:

260 2734 408 2810 Crescite,
430 2741 461 2796 et
474 2736 505 2796 in
520 2737 753 2814 titulos-surgite
765 2744 849 2798 recta
863 2751 959 2797 meos.

174 2817 351 2893 alPopule,
374 2818 460 2891 vive,
484 2835 608 2895 precor,
634 2837 712 2896 quae
728 2821 846 2882 consita
863 2819 998 2895 margine
1012 2817 1099 2893 ripae

155 2945 158 2950 -
259 2902 326 2962 Hoc
341 2903 372 2961 in
385 2918 501 2978 rugoso
518 2905 631 2966 cortice
646 2919 767 2966 carmen
781 2905 878 2966 hahes

219 2984 305 3046 ‘Cum
319 2984 404 3046 Paris
421 2985 546 3048 Oenone
561 2989 671 3066 poterit
687 2990 805 3066 spirare
820 2987 933 3062 relicta,

175 3075 211 3130 3⁰
261 3068 313 3128 Ad
327 3069 441 3130 iontem
454 3071 565 3133 Xanthi
578 3089 670 3134 versa
683 3081 819 3134 recurret
833 3075 936 3148 aqua?

129 3215 136 3228 ,
216 3151 350 3228 Xanthe,
378 3159 459 3215 retro
477 3171 624 3234 propera,
646 3173 817 3233 versaeque
831 3157 977 3218 recurrite
993 3151 1157 3233 lymphae!

260 3234 396 3298 Sustinet
410 3235 555 3300 Oenonen
571 3241 746 3302 desemisse
759 3242 855 3302 Paris.

217 3319 273 3379 flla
287 3319 353 3380 dics
368 3321 462 3384 fatum
476 3325 607 3386 miserae
620 3326 693 3386 mihi
708 3325 799 3399 dixit,
820 3326 859 3386 ab
875 3325 926 3386 illa

259 3402 397 3466 Pessima
410 3409 514 3470 mutati
528 3409 630 3486 coepit
643 3411 756 3472 amoris
770 3410 903 3485 hiemps,

175 3491 210 3544 35
223 3484 287 3558 Oua
299 3489 406 3552 Venus
422 3497 451 3552 et
464 3493 556 3569 luno,
579 3494 770 3570 sumptisque
786 3494 943 3556 decentior
958 3491 1051 3554 armis
