2488 4006
144 217 191 282 90
535 215 785 278 HEROIDE'S.
808 257 809 260 =

193 371 370 436 asbiornus
385 383 403 426 e
420 366 514 426 sociis
532 382 651 426 sacram
668 368 814 428 concedis
829 367 861 431 in
874 369 995 444 Argon

5 497 7 530 2
278 455 332 514 llla
347 451 441 512 volat.
462 457 574 510 ventus
589 466 727 510 concava
740 451 811 510 vela
824 458 915 512 tenet.
933 477 934 480 ¹
963 491 968 494 -

5 539 7 562 '
57 604 62 613 ,
135 545 141 558 ‘
236 537 364 598 Caerula
378 534 546 611 propulsae
561 532 739 594 subducitur
753 535 837 595 unda
850 536 988 596 carinae:

278 620 371 679 Terra
386 617 454 689 tibi,
477 617 567 676 nobis
583 617 771 695 aspiciuntur
785 635 894 692 aquae.

236 705 270 763 ln
280 705 363 764 latus
383 716 473 761 omne
488 706 596 776 patens
612 701 703 760 turris
719 701 924 777 circumspicit
935 704 1051 784 undas:

192 799 230 855 70
280 787 348 847 Huc
364 787 459 858 seror,
482 790 513 844 et
526 784 658 843 lacrimis
674 785 939 860 osquesinusque
955 787 1093 852 medena

235 871 293 930 Per
306 870 448 929 lacrimas
464 873 582 942 specto.
606 867 798 942 cupidaeque
816 869 948 928 faventia
963 871 1059 931 menti-

277 953 414 1027 Longius
431 951 559 1010 adsueto
575 950 688 1010 lumina
703 958 808 1012 nostra
823 952 935 1012 vident.

236 1037 327 1098 Addo
344 1047 455 1110 preces
471 1041 587 1106 castas,
611 1035 798 1110 inmixtaque
814 1043 885 1096 vota
899 1037 1007 1111 timori,

278 1120 363 1178 Nunc
381 1133 505 1193 quoque
522 1125 551 1177 te
567 1117 654 1177 salvo
670 1119 877 1192 persoluenda
891 1119 993 1178 milri...

192 1214 229 1268 75
239 1205 320 1262 Vota
335 1217 393 1276 ego
409 1202 607 1276 persolvam?
625 1203 704 1260 votis
719 1201 830 1262 Medea
844 1203 979 1264 fructuri
1073 1209 1074 1212 ’

280 1287 338 1346 Cor
354 1286 450 1358 dolet,
471 1292 562 1358 atque
576 1285 621 1342 ira
636 1285 747 1345 mixtus
763 1285 897 1345 abundat
910 1301 1005 1346 amor.

236 1371 325 1430 Dona
340 1370 434 1428 leram
450 1369 586 1441 templis,
612 1368 712 1450 rivium
731 1369 814 1443 quod
828 1369 940 1429 lasona
957 1369 1079 1446 perdor

185 1480 187 1484 ’
278 1451 387 1513 Hostia
401 1466 458 1525 pro
473 1451 593 1510 damnis
610 1451 751 1511 concidat
764 1453 824 1512 icta
838 1453 936 1512 meisi

236 1537 302 1596 Non
318 1535 460 1609 equidem
475 1549 585 1593 secura
599 1533 652 1594 lui.
663 1550 856 1610 semperque
871 1537 1008 1610 verebar,

189 1629 229 1684 80
282 1619 326 1678 Ne
343 1623 428 1693 pater
442 1617 587 1690 Argolica
600 1627 732 1678 sumeret
746 1617 821 1679 urbe
836 1635 955 1680 nurum.

236 1702 401 1777 Argolidas
416 1701 510 1762 timui.
533 1701 637 1760 nocuit
651 1701 722 1760 mihi
737 1701 869 1762 barbara
884 1703 992 1779 pelexc

277 1787 344 1846 Non
360 1791 521 1860 expectata
536 1786 645 1844 vulnus
661 1784 698 1843 ab
714 1785 804 1845 hoste
819 1785 883 1846 tuli.
1050 1789 1054 1794 ’

234 1870 297 1929 Nec
312 1869 390 1928 facie
404 1867 582 1942 meritisque
597 1868 706 1942 placet.
729 1868 786 1928 sed
800 1869 934 1930 carmina
949 1869 1043 1935 novit.

276 1953 411 2026 Diraque
427 1958 546 2011 cantata
560 1951 674 2026 pabula
687 1953 765 2012 falce
780 1953 873 2012 metit.

188 2045 226 2099 85
238 2037 292 2096 Illa
306 2037 505 2095 reluctantem
519 2050 611 2096 cursu
626 2035 781 2096 deducere
795 2037 911 2096 Lunam

276 2120 398 2191 Nititur,
421 2124 451 2177 et
465 2118 598 2178 tenebris
615 2119 727 2179 abdere
744 2119 825 2179 Solis
841 2135 950 2192 equor.

234 2203 290 2261 Ilia
303 2203 437 2261 rclrenat
451 2217 561 2275 aquas,
585 2202 771 2277 obliquaque
785 2202 912 2262 flumina
926 2203 1020 2263 sistite

276 2287 331 2344 Illa
349 2286 417 2345 loco
435 2286 528 2345 silvas
545 2287 678 2360 vivaque
691 2303 771 2347 ‘saxu
785 2293 897 2346 movet.

179 2373 180 2378 ’
234 2369 292 2428 Per
306 2370 438 2443 tumirlos
455 2375 534 2427 errat
548 2370 650 2449 passis
667 2370 816 2430 discincta
832 2369 959 2444 capitiis,

189 2462 228 2516 90
282 2451 431 2526 Certaque
446 2452 485 2513 dc
498 2451 609 2526 tepidis
627 2453 741 2528 colligit
756 2469 830 2513 ossa
844 2453 947 2526 rogis:
1056 2455 1058 2458 ’

234 2536 374 2594 Devovet
389 2535 538 2606 absentis,
562 2535 786 2610 simulacraque
804 2551 894 2596 cerea
907 2535 1002 2609 lingit,

277 2619 314 2679 Et
329 2619 471 2678 miserum
487 2619 585 2678 tenuis
601 2621 632 2678 in
647 2620 732 2679 iecur
745 2627 833 2694 urget
847 2635 932 2692 acue,

235 2702 271 2761 nt
287 2718 366 2777 quae
383 2703 543 2762 nescierim
559 2703 677 2763 melius.
710 2702 791 2762 Male
807 2703 962 2778 quaeritur
975 2701 1083 2764 herbis

276 2785 412 2846 Moribus
427 2792 459 2844 et
473 2787 569 2846 lorma
584 2786 794 2846 conciliandus
810 2800 904 2846 amor.
986 2785 992 2804 ¹
1010 2843 1014 2850 .
1114 2847 1117 2851 Α

188 2877 225 2930 tia
240 2869 324 2928 Hanc
340 2876 428 2943 potes
444 2869 600 2943 amplecti,
619 2870 815 2944 thalamoque
829 2870 953 2929 relictus
969 2871 999 2928 in
1014 2883 1079 2929 uno

277 2953 454 3027 impavidus
470 2967 578 3012 somno
595 2960 685 3013 nocte
699 2952 807 3012 ‘allento
822 2954 902 3013 truit
1021 3001 1029 3008 .

145 3093 147 3098 ,
236 3035 358 3095 Scilicet
371 3043 404 3096 ut
417 3042 540 3108 tauros,
560 3036 601 3094 ita
614 3037 645 3098 te
661 3037 731 3110 iuga
746 3038 825 3096 terre
840 3037 955 3111 coegit:
1064 3084 1069 3090 .

277 3119 405 3194 Quaque
420 3121 503 3178 leros
518 3121 643 3194 angnia,
665 3127 695 3179 te
711 3135 835 3195 quoque
849 3121 962 3179 mulcet
977 3133 1044 3192 ope

234 3203 340 3277 Adde,
364 3202 447 3278 quod
463 3201 596 3262 adscribi
611 3203 699 3262 lactis
715 3219 939 3278 procerumque
953 3203 1078 3276 tuisque

171 3295 222 3347 tou
276 3285 428 3356 salevel,
453 3294 483 3345 et
498 3287 583 3346 titulo
602 3287 740 3361 coniugis
756 3303 836 3346 uxor
850 3287 949 3347 obest.

234 3369 336 3442 Atque
351 3369 462 3443 aliquis
477 3369 579 3428 Peliae
594 3370 633 3432 de
649 3369 785 3444 partibus
801 3379 869 3432 acto
882 3369 1010 3430 venenis

276 3451 421 3523 imputat,
446 3454 653 3527 campulum,
677 3453 729 3527 qui
744 3453 803 3514 sibi
819 3453 939 3524 credat,
962 3451 1066 3512 habet.
