2498 4008
165 281 229 346 ms
529 273 841 364 0001000110.Ι
889 307 891 312 ,

249 432 317 490 Non
331 435 433 488 tamen
450 427 608 502 expositas
623 441 729 485 mensa
745 424 917 500 deprendat
931 433 1050 488 0010100
1105 445 1106 448 “

185 526 239 578 010
290 511 438 590 Pyxidas.
462 527 511 571 ers
528 509 635 569 iociem
650 509 841 569 dissimulata
855 509 948 568 iuvat.

252 598 347 671 Quem
361 611 422 654 non
439 593 575 654 offendat
589 599 652 652 toto
668 594 739 652 iaex
754 593 837 651 inlita
851 595 946 664 vultu,

295 681 369 740 Cum
383 677 450 738 fluit
466 677 633 750 inlepidus
649 677 788 751 pondere
804 677 892 750 lapsa
907 677 1017 736 sinu‘sl

253 764 379 842 Oesypa
394 761 468 837 quid
481 761 642 820 redolente
665 758 804 834 quentvis
820 760 952 819 mittatur
964 757 1096 820 Athenis

293 849 440 921 Demptus
458 843 496 904 ab
511 843 656 904 inmundo
672 844 786 902 vellere
801 857 894 902 sucus
914 843 993 903 ovis.

67 909 69 914 ⁵
187 941 238 994 215
249 931 312 990 Nec
329 945 434 990 coram
446 927 556 987 mixtas
573 942 682 986 cervae
697 927 870 1001 sumpsisse
884 926 1044 999 medullae,

293 1014 356 1075 Nec
372 1027 475 1073 coram
490 1011 598 1072 dentes
613 1008 794 1070 defricuisse
810 1009 947 1084 probem.
1002 1027 1014 1038 ³

251 1097 314 1156 Ista
331 1097 445 1156 dabunt
458 1095 601 1166 formam,
622 1093 677 1153 sed
692 1100 781 1152 erunt
795 1093 945 1152 deformia
958 1094 1043 1154 visu:

294 1179 464 1253 Multaque,
488 1178 559 1237 dum
574 1176 664 1248 fiunt,
687 1177 803 1250 turpia,
827 1177 907 1236 iacta
921 1177 1052 1252 placent.

253 1263 336 1337 Quae
351 1277 431 1322 nunc
446 1277 558 1323 nomen
572 1259 685 1320 babent
701 1260 825 1334 operosi
840 1261 928 1335 signa
941 1261 1081 1338 Myronis

1229 811 1231 862 l

188 1357 239 1409 220
291 1344 414 1405 Pondus
429 1345 512 1405 iners
528 1342 835 1418 quondamduraque
850 1345 1030 1404 massaiuil.
1132 1363 1134 1366 ·
1230 1323 1231 1342 ²

251 1430 370 1490 Anulus
386 1435 419 1489 ut
432 1428 498 1499 fiat,
521 1427 618 1502 primo
633 1426 796 1486 conliditur
810 1443 926 1487 aurum.

295 1513 377 1586 Ques
393 1511 496 1586 geritis
511 1511 621 1582 vestis,
645 1509 771 1570 sordida
785 1513 856 1570 lana
870 1513 933 1571 luit

254 1595 443 1668 (lamberet,
463 1594 542 1670 lapis
558 1608 651 1668 asper
664 1599 737 1652 erat.
759 1609 853 1668 nunc,
876 1594 979 1656 nobile
997 1595 1126 1669 signum,

295 1679 383 1739 Nuda
393 1679 502 1739 Venus
516 1677 656 1736 madidas
673 1677 824 1752 expremit
837 1679 933 1738 imbre
948 1693 1062 1739 comae.

189 1763 295 1828 005Το
310 1777 434 1839 quoque
450 1763 523 1822 dum
541 1761 666 1835 coleris,
686 1777 744 1821 nos
759 1769 788 1822 te
805 1762 936 1822 dormire
953 1769 1105 1838 putemus.

293 1847 433 1921 Aptiusa
447 1860 565 1906 summa
580 1845 771 1920 conspiciere
785 1861 884 1906 10000.
941 1876 945 1884 ·

253 1930 312 1990 Cur
325 1929 397 1989 mihi
412 1935 485 1988 nota
498 1934 549 1988 tuo
569 1943 663 1988 eausa
679 1929 886 1990 est'candoris
901 1930 930 1990 in
947 1935 1022 1990 oret

295 2012 409 2072 Claude
423 2013 521 2073 forem
534 2012 673 2070 thalami!
696 2011 771 2088 quid
785 2014 862 2074 rude
876 2015 962 2089 cogis
978 2019 1077 2088 opust

251 2096 346 2156 Multa
361 2097 445 2156 viros
460 2096 581 2156 nescire
596 2096 693 2156 decet.
728 2096 803 2156 Pars
818 2098 951 2158 maximo
963 2113 1064 2158 renim

187 2189 241 2244 230
295 2179 450 2254 Offendor,
474 2180 501 2240 si
516 2195 577 2240 non
591 2179 738 2248 interiora
749 2187 847 2256 legas.
872 2220 875 2226 -

251 2265 355 2323 Aurea
371 2279 449 2338 quae
466 2263 601 2338 pendent
616 2270 722 2324 ornato
739 2263 828 2338 signa
842 2263 984 2338 theatro,·

293 2346 429 2422 Inspice,
454 2363 546 2422 quom
560 2347 660 2407 tenuis
674 2348 798 2408 bractea
810 2349 893 2422 ligna
909 2349 1000 2422 tegat

253 2430 316 2490 Sed
330 2445 431 2505 neque
446 2431 487 2490 ad
503 2431 554 2490 illa
568 2431 638 2491 licet
650 2433 783 2506 populo,
804 2431 863 2490 nisi
878 2432 973 2502 lacta,
995 2429 1110 2496 venire,

294 2514 356 2572 Nec
371 2513 430 2572 nisi
445 2516 603 2575 summotis
619 2514 716 2574 iorma
732 2515 870 2590 paranda
885 2515 968 2573 viris.

189 2595 291 2658 03501
305 2612 366 2658 non
382 2597 551 2672 pectendos
568 2614 670 2657 eoram
688 2597 837 2672 praebere
852 2599 989 2672 capillos,

294 2681 334 2740 Ut
347 2681 466 2741 iaceant
480 2681 540 2740 fusi
554 2696 610 2756 per
626 2688 678 2741 tua
691 2687 793 2756 terga,
818 2689 899 2740 velo.

252 2765 306 2823 lllo
322 2762 488 2838 praecipue
504 2780 542 2824 ne
558 2764 601 2824 sis
615 2779 753 2837 morosa,
777 2771 884 2824 cavelo

293 2847 458 2921 Tempore,
481 2863 538 2906 000
552 2848 657 2922 lapsos
672 2862 768 2921 saepe
782 2849 906 2907 resolve
922 2861 1036 2905 comas.

252 2930 326 2988 Tuta
341 2931 379 2989 sit
395 2931 537 2989 ornatrix.
576 2929 647 3004 Odi,
669 2946 748 3005 quae
763 2931 880 2991 sauciat
895 2945 950 2991 ora

188 3021 241 3074 240
293 3013 467 3084 Unguibus,
492 3020 521 3073 el
535 3019 622 3088 rapta
634 3013 760 3072 brachia
774 3012 839 3088 figit
855 3029 923 3074 acu.

251 3095 405 3168 Devovet,
427 3101 462 3154 ut
476 3095 572 3170 tangit
585 3095 727 3157 dominae
743 3103 835 3171 caput
848 3096 915 3171 illa,
936 3095 1087 3168 simulque

293 3177 395 3238 Plorat
411 3177 442 3236 in
457 3178 573 3239 invisas
589 3181 822 3255 sanguinolenta
837 3195 954 3240 comos.
1010 3190 1014 3198 ’

253 3259 337 3336 Quae
351 3264 430 3322 male
447 3262 554 3323 crinita
569 3270 630 3338 est,
655 3263 814 3324 custodem
830 3265 861 3324 in
875 3263 978 3323 limine
991 3265 1097 3336 ponet,

296 3344 464 3406 Orneturve
478 3346 583 3406 Bonae
600 3348 767 3422 semper-in
783 3347 862 3406 aede
876 3347 964 3406 deae.

188 3433 239 3484 245
250 3426 355 3486 Dictus
371 3444 453 3487 eram
469 3429 568 3490 subito
586 3427 705 3490 cuidam
719 3431 845 3492 venisse
859 3431 996 3507 puellac=

294 3507 426 3569 Turbida
439 3526 603 3585 perversas
617 3512 715 3574 induit
731 3511 783 3574 illa
798 3529 914 3576 comas.
