2498 4008
97 251 158 314 172
460 245 600 317 ARTIS
621 245 760 304 ΑΜΑΤ.

90 417 95 432 ’
118 410 169 464 145
181 401 273 460 Culus
289 399 360 473 equi
378 397 514 470 veniant,
537 398 643 469 facito,
666 397 819 470 studiose,
842 395 998 470 requiras:

224 484 287 540 Nec
301 497 401 554 mora,
427 481 566 554 quisquis
583 481 652 555 erit,
676 481 724 539 cni
739 480 821 538 iavet
835 479 901 553 illa,
925 481 1005 540 lave.

183 565 224 624 At
238 581 308 624 cum
324 565 598 639 pompalrequens
616 563 799 622 certantibus
816 562 869 622 ibit
883 563 1024 638 ephebia,

226 651 267 707 Tu
283 648 397 706 Veneri
411 646 554 706 doumae
570 646 683 720 plaude
698 647 818 705 favente
833 661 934 708 manu.

183 732 284 805 thue
298 732 345 802 fit,
358 731 394 788 -in
410 729 562 803 gremium·
573 729 716 803 pulvis‘si
731 731 808 788 lorte
824 731 945 804 puellae

122 825 173 878 150
226 814 392 886 Deciderit,
415 813 516 886 digitis
532 813 809 876 excutienduserit.

184 898 222 958 Et
236 899 262 956 si
276 899 378 956 nullus
393 897 449 954 erit
459 896 579 970 pulvis,
602 902 702 954 tamen
719 903 828 954 excute
844 893 973 954 nullum:

228 980 384 1053 Quaelibet
400 977 502 1039 cilicio
519 993 612 1038 causa
626 978 666 1036 sit
683 985 753 1052 opta
767 985 829 1038 tuo.
861 1005 863 1007 ·

184 1064 277 1122 Pallia
292 1063 552 1129 sitemauiminm
568 1062 702 1120 demissa
716 1062 866 1132 iacebunt,

230 1147 359 1220 Collige,
383 1153 413 1205 et
429 1145 574 1205 inmunda
587 1143 713 1204 sedulus
728 1143 803 1203 etier
817 1143 921 1203 humo.
983 1159 985 1164 ’

123 1239 173 1292 155
184 1230 339 1304 Protinus,
363 1229 455 1288 officii
470 1228 612 1303 pretium,
636 1225 768 1302 patiente
786 1227 886 1302 puella
906 1268 907 1272 ,

230 1314 409 1387 Contingent
424 1313 520 1372 oculis
536 1326 624 1370 crura
638 1311 772 1370 videnda
790 1310 857 1376 tuis.

186 1397 318 1470 Respice
332 1402 504 1470 praeterea,
529 1401 600 1468 post
614 1410 671 1454 vos
689 1395 873 1468 quicumque
887 1389 1015 1463 sedebit,

228 1480 272 1538 Ne
289 1486 406 1553 premat
422 1478 565 1552 opposito
581 1477 683 1536 mollia
696 1486 781 1551 terga
796 1492 885 1550 geon.

185 1561 283 1620 Parva
298 1562 374 1620 levis
390 1562 512 1636 capiunt
529 1561 656 1618 animos.
688 1561 755 1619 Fuit
767 1560 837 1618 utile
852 1557 952 1619 multis

124 1653 175 1708 160
226 1644 384 1704 Pulvinum
399 1643 478 1703 sacili
495 1644 708 1716 composuisse
723 1659 823 1702 mann.
1026 1651 1029 1654 ·

87 1791 92 1800 Ι
186 1727 300 1788 Proluit
314 1736 344 1787 et
357 1726 440 1786 tenui
457 1734 563 1786 ventos
579 1727 714 1788 movisse
729 1726 848 1798 tabella,

117 1875 119 1884 ,
228 1811 266 1870 Et
280 1825 356 1870 cava
373 1810 429 1870 snb
443 1817 579 1870 tenerum
595 1825 719 1869 scamna
734 1809 858 1868 dedisse
874 1808 994 1882 pedem.

185 1892 251 1954 Hos
267 1895 367 1954 aditus
384 1893 550 1966 Circusque
564 1908 645 1952 novo
661 1892 819 1967 praebebit
832 1891 937 1964 amori,

231 1976 552 2051 Sparsaque-sollicito
570 1975 662 2036 tristis
677 1977 792 2035 harena
806 1977 883 2034 loro.

123 2065 174 2122 165
185 2061 240 2119 illa
255 2076 349 2134 saepe
364 2065 441 2134 puer
454 2059 584 2118 Veneris
594 2059 749 2134 'pugnavit
762 2059 884 2129 harena,
904 2062 907 2066 ’

228 2143 266 2202 Et
281 2143 333 2218 qui
348 2144 497 2219 spectavit
513 2143 652 2215 vulnera,
674 2144 782 2201 virinus
797 2141 897 2200 habet.

100 2255 103 2261 ·
187 2227 264 2284 Dum
279 2227 425 2301 loquitur,
448 2225 604 2300 tangitque
617 2241 754 2297 manum,
776 2225 936 2298 poscitque
950 2221 1095 2294 libellum,

229 2309 266 2366 Et
281 2308 399 2384 quaerit
412 2308 513 2382 posito
530 2308 671 2382 pignore,-
694 2309 795 2367 vincat
809 2315 883 2380 uter,

125 2440 129 2446 ,
188 2389 316 2451 Saucius
333 2391 490 2465 ingemuit,
513 2391 666 2464 telumque
682 2391 804 2450 volatile
820 2390 924 2460 sensit,
968 2407 982 2424 ·

124 2480 176 2535 170
228 2474 265 2533 Et
280 2491 351 2547 pars
368 2474 495 2546 spectati
509 2475 643 2534 niuneris
659 2475 727 2548 ipse
742 2474 805 2533 init.

189 2556 281 2627 Quid,
303 2558 394 2616 modo
411 2572 479 2616 cum
493 2555 565 2616 belli
580 2557 698 2616 navalis
714 2557 844 2630 imagine
860 2555 973 2615 Caesar

228 2638 370 2698 Persidas
390 2639 508 2699 induxit
523 2640 749 2715 Cecropiasque
764 2646 867 2698 retest

186 2721 302 2796 Nempe
317 2723 354 2780 ab
373 2729 502 2796 utroque
518 2724 594 2782 meri
609 2725 750 2795 iuveneS,
774 2723 811 2781 ab
828 2730 958 2796 utroque
975 2721 1098 2796 puellae

229 2806 365 2878 Venere,
387 2813 479 2879 atque
494 2808 601 2880 ingens
618 2806 700 2866 orbis
713 2807 742 2864 in
758 2804 840 2865 Urbe
856 2807 917 2871 luit,
952 2873 956 2882 ¹

123 2895 174 2950 175
187 2886 259 2960 Quis
275 2903 336 2948 non
351 2889 479 2961 invenit,
495 2889 590 2948 turba
606 2889 689 2963 quod
706 2896 821 2948 amaret
835 2889 865 2946 in
881 2889 953 2946 illat

228 2970 329 3043 Eheu,
354 2988 444 3046 quam
460 2973 570 3032 multos
586 2973 705 3031 advena
718 2973 806 3030 torsit
821 2977 921 3030 amor!

186 3054 282 3123 Ecce,
306 3062 393 3128 parat
409 3056 520 3114 Caesar
536 3054 649 3116 domito
667 3055 750 3128 quod
766 3055 861 3114 deluit
875 3053 950 3126 orbi,

229 3137 363 3196 Addere.
386 3154 481 3211 nuno,
504 3139 606 3198 oriens
620 3139 737 3209 ultime,
757 3145 862 3197 noster
877 3137 948 3196 eris.

63 3293 66 3297 λ
186 3219 309 3292 Parthe,
333 3221 421 3280 dabis
437 3236 582 3296 poenase
595 3221 697 3281 Crassi
710 3222 842 3296 gaudete
857 3219 977 3293 sepulti,

123 3309 176 3364 180
231 3301 385 3379 Signaque
402 3305 579 3364 barbaricas
594 3321 656 3364 non
672 3306 749 3362 bene
766 3317 994 3378 passamauus.

187 3385 274 3444 Ultor
289 3387 389 3457 adest,
408 3387 576 3461 primisque
592 3387 700 3445 ducem
716 3388 874 3460 profitetur
889 3385 919 3444 in
934 3382 1038 3453 armis,

229 3466 374 3541 Bellaque
389 3486 449 3528 non
466 3469 561 3543 puero
577 3476 685 3530 tractat
699 3471 819 3542 agenda
836 3484 922 3544 puer.
