2488 4006
112 205 176 268 tao
501 201 749 262 uaaorous.
886 183 892 192 “

197 360 248 430 Di,
271 373 394 433 precor,
418 373 439 416 a
452 355 542 417 nobis
559 371 648 416 omen
663 361 820 414 removete
835 354 1001 430 sinistrum,

154 453 189 504 50
241 443 279 501 Et
293 459 350 501 sua
365 442 420 502 det·
431 440 537 502 reduci
552 439 699 508 virmeus
713 455 799 498 arma
813 438 888 498 Iovi.
1000 479 1004 484 ·

198 527 260 586 Sed
275 527 382 598 druso,
406 524 548 599 quotiens
564 523 656 583 subiit
670 522 845 585 miserabile
857 522 984 584 belluina

200 675 204 685 Q
239 609 325 668 More
340 609 419 669 nivis
435 609 579 668 lacrimae
593 609 659 667 sote
675 607 826 668 madanns
839 615 920 668 eunt.

195 693 272 753 Ilion
289 699 318 752 et
334 693 476 766 Tenedos
493 691 668 766 Simoisque
684 697 716 750 et
730 691 870 752 Xanthus
885 699 916 751 et
929 691 982 750 Ide

238 777 367 836 Nomina
384 777 539 850 suutipso
557 789 655 850 paene
670 775 803 836 tenenda
818 791 907 835 sono.

154 869 187 923 55
198 861 262 920 Nec
276 875 386 935 rapere
401 875 548 930 ausurus,
572 859 631 918 nisi
646 875 681 918 se
696 858 863 919 defendere
877 864 994 934 posset,
1029 897 1031 902 -

237 945 361 1019 Hospes
377 952 450 1005 erat.
473 943 555 1002 vires
570 948 697 1002 noverat
713 941 763 1002 ilte
779 959 862 1003 suaa.

194 1031 345 1100 Venerat,
368 1034 400 1086 ut
414 1027 495 1086 fama
510 1035 571 1100 est,
594 1027 686 1088 multo
703 1025 880 1102 spectabilis
896 1041 981 1100 auro,

238 1112 357 1186 Quique
375 1127 432 1170 suo
450 1111 600 1186 Phrygias
617 1125 749 1185 corpore
763 1110 856 1170 terret
871 1125 957 1186 opes,

196 1197 302 1255 classe
317 1195 454 1269 virisque
477 1202 602 1270 potens,
631 1210 687 1268 per
702 1209 780 1268 quae
797 1195 861 1254 tera
875 1194 955 1253 betta
973 1202 1130 1269 geruntur.

115 1343 117 1348 ,
152 1288 188 1343 60
239 1279 276 1338 Et
291 1279 429 1354 sequitur
443 1279 528 1352 regni
545 1293 615 1353 pars
632 1286 727 1352 quota
742 1293 894 1352 quemque
909 1279 978 1338 suit

193 1364 249 1424 His
264 1378 322 1437 ego
337 1372 367 1424 te
383 1363 510 1436 vietam,
532 1376 662 1422 consors
678 1362 801 1422 Ledaea
816 1363 964 1435 gemeltis

238 1446 396 1521 Suspicor.
419 1447 496 1506 haec
509 1445 625 1506 Danais
640 1461 737 1519 posse
752 1461 864 1504 nocere
880 1452 963 1520 puto.

193 1529 327 1590 Hectora
341 1531 449 1590 nescio
464 1546 555 1604 quem
569 1531 676 1588 timeo:
699 1530 783 1588 Paris
797 1530 931 1590 Hectora
945 1529 1021 1588 dixit

235 1614 347 1673 Ferrea
362 1615 531 1688 sanguinea
548 1612 629 1673 betta
645 1629 769 1674 movere
785 1629 885 1672 manu.
1062 1607 1066 1613 ’

151 1708 185 1762 65
196 1697 343 1766 Hectora,
367 1699 507 1772 quisquis
523 1698 549 1756 is
565 1705 626 1770 est,
646 1697 673 1756 si
688 1713 754 1756 sum
769 1697 822 1756 tibi
839 1713 925 1770 cara,
948 1704 1069 1758 caueto:

237 1781 395 1856 Signatum
409 1782 536 1842 memori
554 1787 677 1856 pectore
693 1797 805 1843 nomen
822 1780 911 1840 habe

191 1865 281 1925 Hunc
295 1865 346 1924 ubi
362 1865 483 1938 vitaris,
507 1866 585 1926 alios
601 1865 696 1924 vitare
710 1872 872 1938 memento

234 1949 272 2007 Et
288 1951 400 2008 multos
416 1949 476 2008 illic
490 1950 640 2010 Hectoras
657 1963 728 2008 esse
743 1956 829 2023 puta:

192 2033 229 2092 Et
244 2032 334 2092 tacito
351 2041 383 2093 ut
399 2031 500 2103 dicas,
525 2031 667 2106 quotiens
684 2027 821 2107 pugnare
838 2031 970 2106 parabis,

151 2124 185 2180 to
239 2117 381 2176 ‘Parcere
396 2133 444 2176 me
458 2116 550 2177 iussit
564 2115 730 2176 Laodamia
746 2115 826 2176 sibi!
876 2117 884 2126 '

193 2199 226 2260 Si
244 2200 355 2260 cadere
371 2201 517 2273 Argolico
534 2202 580 2260 tas
596 2209 644 2260 est
658 2199 717 2258 snb
734 2199 826 2260 milite
840 2201 969 2272 Troiam,

233 2285 275 2342 Te
291 2300 416 2358 quoque
434 2299 495 2342 non
510 2285 604 2344 ullum
618 2285 730 2344 vulnus
746 2283 877 2344 habente
894 2284 992 2343 cadat.

149 2375 183 2430 73
194 2367 313 2440 Pugnet
327 2374 357 2426 et
371 2369 522 2428 adversos
537 2367 642 2428 tendat
653 2368 810 2428 Menelaus
825 2367 855 2425 in
870 2367 983 2426 hostis:

150 2458 184 2515 ta
237 2450 385 2510 Hostibus
402 2451 541 2524 eruediis
557 2459 651 2525 nupta
664 2451 798 2526 petenda
810 2451 876 2510 viro
892 2458 948 2512 est

192 2534 292 2594 Causa
305 2541 356 2594 tua
371 2542 418 2594 est
433 2535 547 2609 dispar.
570 2541 602 2594 tu
617 2541 731 2594 tantum
750 2536 856 2594 vivere
872 2551 983 2609 pogna,

233 2619 330 2693 Inque
345 2617 415 2693 pios
431 2619 573 2678 dominae
591 2634 687 2693 posse
701 2619 803 2680 redire
818 2619 914 2678 sinus.

190 2701 321 2776 Parcite,
342 2701 552 2776 Dardanidae,
576 2702 615 2762 de
630 2709 688 2774 tot,
710 2719 835 2778 precor,
858 2702 999 2762 hostibus
1014 2702 1076 2775 uni,

146 2795 183 2848 80
234 2785 277 2844 Ne
293 2801 380 2847 meus
395 2801 435 2846 ex
450 2785 502 2846 illo
517 2801 649 2861 corpore
665 2787 790 2861 sanguis
806 2792 863 2844 eat.
1090 2782 1093 2787 ’

190 2867 256 2927 Non
273 2877 334 2940 est,
357 2886 447 2944 quem
463 2871 572 2930 deceat
586 2872 669 2930 nudo
685 2885 869 2931 concurrere
884 2869 974 2942 ferro,

232 2950 393 3026 Saevaque
410 2950 440 3022 in
456 2954 619 3028 obpositos
635 2962 759 3030 pectora
775 2956 856 3015 terre,
870 2954 964 3012 viros,

188 3034 308 3094 Fortius
326 3037 376 3095 ilte
392 3039 617 3110 potestatium,
639 3055 736 3112 quam
747 3043 876 3112 pugnat,
897 3051 1009 3096 amare.

229 3119 315 3179 Bella
330 3126 438 3194 gerant
455 3121 520 3180 alii:
541 3120 729 3182 Protesilaus
746 3129 834 3181 amet.

145 3212 180 3266 85
191 3202 277 3262 Nune
292 3204 398 3264 fateor.
421 3206 505 3264 votui
520 3221 681 3276 revocare,
698 3205 888 3279 animusque
903 3203 1030 3265 serebat.

232 3285 372 3348 Substitit
387 3288 516 3362 auspicii
533 3289 637 3362 lingua
654 3289 762 3349 timore
777 3289 857 3348 mati.

189 3369 263 3427 Cum
278 3371 396 3430 foribus
414 3373 512 3432 vettes
528 3373 568 3432 ad
583 3372 702 3433 Troiam
722 3374 806 3432 exire
822 3371 967 3447 paternis,

230 3451 288 3511 Pes
304 3459 376 3514 tuus
393 3453 512 3514 offenso
528 3456 631 3515 limine
650 3455 738 3530 signe
753 3457 846 3516 dedit.
