2472 4010
562 188 786 288 amenum.

284 380 463 442 Stramineis
479 385 564 440 esset
579 395 660 439 nunc
673 395 801 453 quoque
814 387 895 440 tecta
904 379 1002 440 casis.

240 469 356 528 Fessus
372 466 402 524 in
418 471 564 539 acceptus
579 464 667 522 miles
683 463 844 522 deducitur
859 478 966 540 agros,
1036 531 1040 549 ‚

156 562 244 613 -20
298 550 424 610 Mittitur
438 548 469 610 in
485 549 581 608 saitus
596 561 721 607 earcere
737 547 813 606 liber
827 562 938 621 equus,

156 669 197 680 —
218 627 221 640 '
255 634 426 708 Longaque
441 633 622 692 subductam
637 631 737 689 celant
751 631 872 690 navalia
891 631 1010 705 pinum:

283 718 421 791 Tutaque
437 717 580 790 deposito
597 715 734 790 poscitur
748 717 823 774 ense
842 715 939 774 rudis.

239 803 289 861 Me
303 816 446 876 quoque,
469 800 520 873 qui
535 799 648 861 totiens
664 797 760 858 merui
777 797 955 857 subamara
969 801 1102 878 puellae,

280 885 462 945 Defunctum
483 883 604 964 piacide
617 883 723 941 vivere
738 889 858 955 tempus
874 889 947 941 erat.

197 976 231 1029 25
243 969 347 1027 ‘Vive'
364 968 442 1028 deus
457 967 584 1042 ‘posito’
600 965 698 1040 siquis
713 965 786 1024 mihi
801 965 882 1040 dicat
897 969 1036 1041 ‘amaret

281 1053 446 1126 Deprecer.
473 1043 668 1125 usqueadeo
684 1049 775 1108 dulce
790 1050 893 1124 puella
905 1052 1016 1110 maium
1032 1058 1087 1112 est.

241 1136 315 1196 Cum
331 1135 409 1196 bene
424 1142 599 1209 pertaesum
613 1142 675 1205 est,
697 1133 862 1207 animoque
875 1134 1024 1208 relanguit
1038 1137 1142 1211 ardor,
1224 1143 1225 1206 j

281 1218 392 1278 Nescio
406 1236 467 1292 quo
483 1221 613 1278 miserae
626 1217 746 1276 turbine
758 1217 867 1276 mentis
883 1233 968 1292 agor.
988 1259 990 1262 -
1105 1275 1110 1280 .
1206 1243 1209 1248 ⁴

240 1303 280 1363 Ut
293 1303 374 1376 rapit
391 1304 421 1360 in
437 1317 592 1377 praeceps⁴
605 1301 760 1362 dominum
776 1301 950 1376 spumantia
963 1301 1075 1362 irustra

108 1379 116 1391 Χ
197 1393 233 1448 30
284 1384 384 1445 Frena
398 1392 596 1446 retentantem
612 1386 717 1446 durior
732 1385 794 1445 oris
810 1399 923 1458 aquosa

240 1470 280 1531 Ut
294 1469 429 1542 subitus,
454 1485 552 1544 prope
566 1470 626 1528 iam
641 1485 755 1544 prensa
767 1469 889 1541 tellure,
913 1469 1047 1528 carinam

281 1553 466 1628 Tangentem
483 1560 589 1628 portus
604 1559 714 1612 ventus
729 1554 760 1612 in
779 1554 840 1612 alta
854 1553 946 1627 rapit=

240 1636 292 1696 Sic
306 1652 355 1696 me
370 1651 464 1712 saepe
478 1638 571 1696 refert
584 1636 699 1696 incerta
714 1637 866 1710 cupidinis
882 1652 970 1710 aura,

280 1720 420 1796 Notaque
436 1729 609 1796 purpureus
624 1723 683 1780 teia
698 1720 827 1780 resumit
842 1721 946 1779 Amor.

197 1811 231 1865 35
242 1803 330 1879 Fige,
350 1819 436 1879 puer.
457 1805 576 1879 positis
591 1805 691 1864 nudus
707 1804 760 1864 tibi
775 1803 927 1881 praebeor
941 1805 1049 1864 armis:

281 1883 338 1948 Hic
351 1888 404 1948 tibi
415 1895 491 1948 suut
506 1888 597 1948 vires.
625 1889 676 1947 hic
690 1896 743 1948 tua
758 1888 867 1947 dextra
881 1887 961 1946 iacit.
1224 1863 1225 1952 i

239 1971 321 2045 Huc,
343 1980 499 2047 tamquam
515 1974 634 2054 iussae,
657 1973 784 2032 veniunt
796 1972 856 2030 iam
871 1978 982 2047 sponte
997 1974 1144 2047 sagittae:
1224 2015 1225 2024 κ

282 2055 344 2114 Vix
354 2056 414 2114 iliis
430 2073 504 2131 prae
519 2073 568 2116 me
581 2063 655 2116 nota
669 2056 811 2130 pharetra
827 2071 883 2116 sua
900 2064 956 2115 est.

239 2139 363 2212 lnieiix,
381 2145 445 2200 tota
461 2141 646 2214 quicumque
662 2141 823 2214 quiescere
841 2147 931 2198 nocte

195 2231 232 2284 40
285 2222 434 2294 Sustinet,
459 2232 488 2282 et
503 2238 630 2284 somnos
643 2225 780 2299 praemia
793 2240 905 2298 magna
919 2232 1019 2286 vocat.

238 2304 348 2378 Stulte,
374 2307 446 2380 quid
462 2315 509 2367 est
524 2323 665 2380 sumnus,
686 2309 806 2382 gelidae
820 2307 879 2370 nisi
894 2309 999 2367 mortis
1013 2310 1140 2385 imago?
1195 2377 1200 2382 ,

280 2391 387 2463 Longa
402 2392 581 2464 quiescendi
596 2400 736 2466 tempora
750 2393 812 2451 tata
827 2391 951 2451 dabunt.

238 2472 288 2531 Me
302 2474 396 2532 modo
412 2475 565 2550 decipiant
579 2492 675 2536 voces
691 2474 955 2549 fallacis-amicae,
991 2495 994 2500 ⁴

281 2555 441 2632 Sperando
459 2560 666 2632 tenegaudia
681 2575 791 2633 magna
806 2561 917 2617 ieram:

196 2647 230 2700 45
241 2639 279 2700 m
293 2642 385 2700 modo
402 2641 563 2704 blanditias
578 2643 673 2718 dicat,
694 2643 787 2703 modo
800 2643 897 2716 iurgia
911 2648 1025 2718 nectat,

282 2723 382 2799 Saepe
397 2728 481 2785 fruar
495 2727 631 2801 domina,
654 2743 750 2802 saepe
763 2728 906 2801 repulsus
922 2742 999 2785 eam.

103 2869 105 2874 ,
168 2881 172 2886 ,
240 2807 327 2881 Quod
343 2809 453 2868 dubius
469 2810 552 2870 Mars
576 2818 637 2883 est,
661 2827 717 2886 per
739 2817 784 2884 te,
807 2811 944 2885 privigne
960 2810 1098 2886 cupida,
1122 2817 1180 2886 cst,

228 2962 232 2967 ¹
280 2891 318 2951 Et
332 2901 435 2952 movet
449 2895 591 2968 exemplo
606 2895 732 2954 vitricus
747 2911 832 2953 arma
846 2901 909 2954 tuo.

237 2973 283 3034 Tu
297 2975 374 3034 levis
391 2992 425 3035 es
440 2978 596 3052 multoque
611 2980 678 3052 tuis'
688 2977 845 3038 ventosior
859 2979 931 3051 aiis,

195 3066 231 3120 50
285 3058 463 3133 Gaudiaque
479 3061 754 3137 ambigua-dasque
770 3063 928 3138 negasque
943 3062 1014 3121 fide.

240 3140 272 3200 Si
287 3149 386 3201 tamen
403 3145 531 3204 exaudis
555 3147 683 3220 pulchra
698 3162 766 3206 cum
782 3153 878 3206 matre
898 3153 1072 3221 rogantem,

188 3305 190 3310 Ι
280 3225 439 3287 Indeserta
453 3245 521 3290 meo
538 3237 664 3304 pectore
679 3229 775 3305 regna
786 3247 869 3304 gere.

238 3308 397 3372 Accedant
410 3327 519 3386 regno,
543 3314 666 3374 nimium
681 3314 877 3389 vaga'turba,
901 3315 1031 3389 puellae.

280 3393 439 3454 Ambobus
454 3397 578 3472 populis
594 3400 639 3458 sic
654 3399 849 3458 venerandus
866 3399 936 3459 eris.
