2488 4006
368 243 403 302 11.
425 237 622 300 PHYLLIS
645 238 685 303 27
701 240 821 303 -102.
837 331 839 339 Ι
1062 237 1106 303 73

128 404 162 459 65
174 393 249 454 Sum
267 393 397 468 decepta
412 395 472 454 tuis
489 401 518 453 ct
532 409 638 452 amans
654 401 684 452 et
698 393 810 451 femina
823 391 938 452 verbis.

212 476 250 538 Di
265 477 394 550 iaciant,
417 477 516 537 laudis
533 491 651 535 summa
666 477 707 535 sit
720 477 779 535 ista
792 484 872 536 tuae.

170 561 252 621 Inter
266 567 296 620 et
309 561 446 636 Aegidas
461 560 562 619 media
577 560 720 619 statuaris
735 557 765 618 in
780 559 883 623 urbes.

212 644 395 719 Magnificus
409 643 504 704 titulis
519 649 578 703 stet
595 649 683 717 pater
697 651 767 703 ante
783 643 863 703 suis=

172 727 246 788 Cum
261 729 351 789 suerit
366 727 473 788 Sciron
490 728 585 786 lectus
599 735 769 801 torvusque
783 726 963 788 Procrustes

129 821 164 874 70
214 811 252 870 Et
269 812 367 887 Sinis,
389 817 419 872 et
434 811 513 871 tauri
528 811 684 884 mixtaque
700 811 797 870 torma
811 810 877 883 vim,

169 895 208 954 Et
222 895 354 955 domitae
373 895 452 954 hello
469 893 606 965 Thebae,
629 893 751 968 lusique
765 893 958 966 bimembres

212 979 250 1037 Et
267 981 386 1054 pulsata
402 978 478 1052 nigri
493 979 577 1052 regia
591 993 685 1036 caeca
701 978 760 1049 dei,
884 979 891 992 '

171 1059 237 1120 Hoc
252 1069 304 1120 tua
318 1068 391 1136 post
406 1062 474 1119 illos
490 1062 574 1120 titulo
592 1061 729 1140 signetur
743 1061 854 1134 imago,

214 1144 282 1202 ‘llic
298 1151 359 1216 est,
382 1144 468 1202 cuius
485 1157 591 1201 amans
606 1143 730 1216 hospita
746 1150 835 1218 capta
850 1143 922 1203 dolo
940 1145 1010 1202 est?

129 1235 163 1289 76
174 1226 218 1286 De
234 1235 317 1286 tanta
330 1241 430 1284 rerum
445 1227 534 1284 turba
550 1225 699 1298 lactisque
714 1227 848 1298 parentis
935 1271 939 1278 .

215 1309 300 1369 Sedit
317 1310 345 1367 in
363 1308 485 1382 ingenio
504 1308 615 1368 Cressa
630 1307 737 1366 relicta
755 1315 815 1367 tua.
857 1368 883 1386 1,

172 1393 259 1466 Quod
277 1395 376 1452 solum
390 1400 532 1466 excusat,
556 1393 654 1451 solum
669 1391 790 1450 miraris
802 1391 832 1450 in
851 1391 913 1451 illo-

172 1507 178 1518 ·
215 1477 385 1535 Haeredem
403 1476 535 1549 patriae,
558 1474 691 1548 perside,
714 1475 828 1534 lraudis
843 1475 919 1548 agis.
973 1483 976 1488 '

172 1559 246 1618 illa..
263 1575 320 1618 nee
335 1560 479 1618 invideo..
496 1560 601 1616 fruitur
615 1559 740 1616 meliore
754 1559 870 1632 marita,

130 1651 165 1705 80
218 1642 314 1715 inque
329 1643 502 1716 capistratis
517 1641 644 1714 tigribus
659 1643 719 1699 alta
735 1642 832 1701 sedet.

170 1726 212 1784 At
227 1725 447 1798 meadespecti
464 1725 581 1797 lugiunt
596 1725 726 1782 collubia
741 1725 882 1794 Thraces

215 1809 301 1882 Quod
319 1810 400 1867 serar
415 1814 571 1866 externum
589 1808 809 1880 praeposuisse
827 1809 913 1866 meis.

172 1894 274 1965 Atque
289 1892 401 1965 aliquis
419 1893 494 1950 ‘lam
511 1907 590 1948 nunc
608 1892 715 1948 doctas
730 1895 789 1950 eat’
806 1892 903 1964 inquit
914 1891 1084 1952 “Athenasz

214 1977 404 2048 Armigeram
419 1975 555 2033 Thracen
573 1974 623 2048 qui
640 1981 740 2047 regat,
764 1977 839 2054 alter
853 1974 918 2032 erit.

130 2067 165 2120 85
176 2058 280 2118 Exitus
298 2066 366 2116 aeta
381 2058 511 2132 probat!
541 2059 649 2117 Careat
664 2058 876 2129 successibus
895 2065 979 2133 opto,

216 2141 360 2214 Quisquis
376 2142 414 2200 ab
430 2148 540 2200 eventu
555 2142 634 2200 sacta
648 2141 782 2199 notanda
796 2149 888 2215 putat.

172 2224 213 2284 At
227 2225 254 2283 si
272 2233 377 2284 nostra
391 2232 444 2283 tuo
461 2231 659 2298 spumescant
672 2239 808 2298 aequora
822 2241 916 2298 remo,

214 2309 275 2366 lam
292 2307 378 2381 mihi,
401 2309 461 2366 iam
478 2309 563 2366 dicor
577 2308 773 2367 consuluisse
786 2309 873 2368 meis.

174 2390 236 2451 Sed
252 2406 353 2466 neque
368 2392 523 2463 consului,
547 2405 604 2450 nec
620 2398 650 2452 te
665 2406 734 2449 mea
748 2391 832 2463 regia
847 2399 959 2467 tanget,

116 2481 165 2536 ’90
218 2473 377 2548 Fessaque
392 2475 531 2534 Bistonia
545 2473 681 2534 membra
697 2473 816 2534 lavabis
831 2491 921 2549 aqua.

172 2557 227 2616 Illa
241 2559 318 2618 meis
336 2558 433 2617 oculis
451 2558 572 2632 speeies
588 2557 728 2617 abeuntis
743 2557 889 2632 inhaeret,

215 2641 288 2700 Cum
305 2649 456 2715 premeret
474 2648 579 2716 portus
596 2642 705 2700 classis
720 2642 798 2700 itura
812 2651 909 2700 meos.

171 2723 276 2783 Ausus
294 2741 328 2784 es
344 2725 501 2799 amplecti,
523 2725 666 2798 colloque
682 2724 801 2784 inlusus
817 2725 945 2784 amantis

215 2806 327 2868 Oscula
341 2823 398 2882 per
412 2810 519 2882 longas
534 2809 659 2882 iungere
674 2823 784 2882 pressa
798 2824 911 2881 moras,

128 2897 163 2952 95
176 2889 311 2965 C'unrque
325 2891 386 2951 tuis
401 2892 534 2951 lacrimis
550 2892 691 2950 lacrimas
708 2891 897 2952 confundere
912 2898 1047 2967 nostras,

214 2974 364 3050 Quodque
379 2976 457 3035 leret
470 2976 548 3035 velis
565 2991 639 3034 aura
654 2976 806 3048 secunda,
832 2977 925 3050 queri,

169 3057 207 3117 Et
221 3058 293 3116 mihi
310 3058 475 3118 discedens
491 3075 633 3133 suprema
649 3059 751 3117 dicere
765 3074 844 3118 voce

214 3141 340 3219 ‘Phylli,
360 3142 428 3202 lace
443 3150 589 3216 expectes
603 3141 838 3216 Demophoonta
853 3144 962 3201 tuum?

170 3225 351 3298 Expectem,
376 3226 428 3300 qui
440 3233 491 3284 me
506 3243 671 3300 numquam
686 3225 812 3285 visurus
830 3224 940 3283 abislil

109 3318 158 3368 teo
211 3309 378 3383 Expectem
395 3312 506 3383 pelago
517 3311 591 3368 -vela
606 3317 716 3382 negata
729 3314 822 3368 meat
847 3361 850 3366 .

168 3391 207 3450 Et
218 3399 320 3451 tamen
336 3400 477 3466 expecto.
498 3393 608 3452 redeas
624 3393 716 3453 modo
733 3407 821 3452 serus
838 3391 958 3466 amanti,

211 3476 251 3535 ut
269 3484 320 3536 tua
335 3477 375 3536 sit
391 3477 459 3536 solo
477 3483 613 3551 tempore
629 3477 717 3549 lapsa
731 3473 820 3534 tides.
