2472 4010
431 223 590 298 lll,4,22
605 223 696 296 -5,
711 223 762 286 do.
1063 227 1104 289 51

172 377 339 436 Candidior
353 374 490 450 nivibus,
512 383 584 435 tunc
600 391 668 436 curn
684 377 824 438 cecidere
838 385 992 454 recentes,

212 461 245 520 ln
260 460 393 534 liquidas
408 460 544 520 nondum
560 475 637 532 ques
652 476 741 521 mora
754 462 845 522 vertit
858 478 969 538 aquas:

171 543 350 616 Candidior,
375 543 464 619 quod
475 541 576 603 adhuc
591 544 708 617 spumis
724 544 920 608 stridentibus
936 549 1032 619 albet,

211 627 249 687 ttt
263 626 532 698 modo-siccatam,
556 627 649 698 lacte,
673 627 815 702 relinquit
829 645 929 690 ovem.

126 723 159 774 15
171 715 289 772 Taurus
305 718 370 771 erat
384 710 589 784 comes-huic,
613 711 739 771 feliciter
753 712 804 772 ille
818 715 962 788 maritus,

212 797 346 870 Cumque
361 810 419 854 sna
431 801 566 854 teneram
581 795 712 869 coniuge
727 797 842 870 pressit
855 798 989 860 humum.

169 881 245 940 Dum
261 878 340 938 iacet
353 885 384 938 et
398 880 477 937 lente
492 885 654 938 revocatas
668 880 799 938 ruminat
811 880 940 956 herbae,

197 966 313 1036 ,Atque
327 963 435 1021 iterum
451 967 540 1035 pasto
557 963 695 1034 pascitur
708 969 778 1022 ante
793 963 878 1038 cibo,

170 1046 263 1115 Visus
279 1053 357 1116 erat,
382 1060 492 1104 somno
506 1043 590 1103 vires
605 1045 773 1119 adimente,
796 1048 903 1109 ferenti

124 1139 160 1190 20
213 1128 408 1201 Cornigerum
422 1134 503 1187 terra
518 1127 705 1200 deposuisse
720 1137 820 1202 caput.

165 1213 232 1272 Huc
248 1211 366 1270 levibus
382 1210 489 1268 cornix
503 1210 605 1284 pinnis
621 1211 750 1284 delapsa
766 1227 821 1285 per
835 1229 926 1276 auras

207 1295 311 1367 Venit,
330 1293 403 1352 etin
419 1293 508 1354 vlridl
522 1295 643 1367 garrula
657 1294 738 1354 sedit
751 1294 859 1370 humo,

164 1381 284 1453 Terque
298 1377 388 1437 bovis
406 1378 514 1436 niveae
529 1377 676 1452 petulanti
691 1385 818 1452 pectora
831 1386 930 1442 rostro

207 1463 311 1534 Fodit,
334 1468 365 1521 et
378 1461 507 1522 albentis
523 1461 646 1521 abstulit
660 1477 713 1520 ore
727 1461 826 1541 iubas.

120 1555 155 1608 tt
168 1547 222 1606 llla
237 1546 338 1605 locum
351 1552 532 1619 taurumque
543 1545 601 1604 diu
616 1552 756 1606 cunctata
769 1546 925 1622 relinqure

207 1628 269 1689 Sed
284 1629 371 1702 niger
384 1629 414 1686 in
431 1643 543 1688 vaccae
558 1637 684 1703 pectore
698 1630 777 1689 livor
791 1637 866 1698 erat.

164 1713 264 1788 thue
277 1714 383 1787 procul
398 1711 473 1771 vidit
488 1718 650 1786 carpentes
669 1712 781 1787 pabula
796 1721 947 1790 tauros,...

206 1795 377 1871 Carpebant
390 1795 469 1856 tauri
483 1795 597 1870 pabula
607 1797 687 1856 laeta
702 1799 843 1871 procul...

165 1880 237 1939 llluc
253 1896 288 1940 se
302 1879 417 1953 rapuit,
441 1878 651 1954 gregibusque
666 1880 819 1940 inmiscuit
833 1881 907 1955 illie,

119 1969 156 2025 30
207 1963 244 2023 Et
258 1964 344 2039 petiit
358 1963 473 2023 herbae
489 1963 641 2023 fertilioris
657 1964 790 2024 humum.

163 2047 218 2106 Dic
234 2063 305 2122 age,
328 2053 494 2107 nocturnae
512 2048 698 2121 quicumque
713 2063 747 2108 es
764 2047 904 2121 imaginis
920 2063 1030 2122 augur,

207 2129 314 2206 Siquid
329 2130 442 2190 habent
456 2131 536 2203 veri,
560 2131 627 2190 visa
642 2132 715 2205 quid
730 2132 788 2192 ista
803 2132 933 2197 lerant!¹

163 2213 215 2274 Sic
234 2230 302 2288 ego.
332 2215 504 2276 Nocturnae
518 2214 563 2274 sic
578 2215 654 2273 dixit
668 2215 811 2289 imaginis
825 2230 934 2288 augur,

203 2297 390 2371 Expendens
406 2298 506 2359 animo
521 2298 642 2372 singula
657 2299 738 2360 dicta
752 2314 809 2358 suo

117 2389 152 2442 35
165 2380 273 2453 ‘Quem
287 2388 321 2444 tu
335 2381 498 2442 mobilibus
513 2382 596 2442 foliis
611 2383 707 2442 vitare
723 2382 865 2455 volebas,

205 2463 267 2524 Sed
282 2467 359 2524 male
375 2465 508 2536 vitabas,
529 2473 633 2526 aestus
648 2467 760 2526 amoris
776 2472 850 2526 crat.

160 2549 265 2609 Vacca
279 2551 381 2623 puella
398 2557 450 2609 tua
464 2556 519 2609 est.
549 2556 639 2624 aptus
656 2551 742 2613 color
755 2550 806 2609 ille
820 2549 952 2624 puellae.

202 2632 246 2691 Tu
260 2633 322 2707 vir,
341 2639 372 2693 et
386 2633 415 2692 in
430 2649 524 2692 vacca
541 2649 675 2708 conpare
688 2640 793 2694 taurus
809 2648 888 2692 eras.

158 2713 286 2774 Pectora
302 2717 385 2790 quod
399 2725 499 2777 rostro
515 2718 621 2776 cornix
637 2717 772 2776 fodiebat
786 2723 892 2789 acuto,

115 2805 152 2859 40
204 2798 361 2872 Ingenium
375 2801 517 2860 dominae
532 2803 603 2860 lena
616 2802 760 2862 movebat
779 2816 866 2860 anus.

158 2881 246 2954 Quod
260 2890 400 2943 cunctata
416 2885 468 2943 diu
482 2891 603 2944 taurum
622 2901 679 2945 sua
693 2900 789 2945 vacca
802 2882 938 2958 reliquit,

198 2964 339 3040 Frigidus
354 2968 384 3026 in
400 2968 494 3028 viduo
510 2969 676 3029 destituere
691 2975 769 3028 toro.

157 3048 260 3121 Livor,
284 3057 314 3109 et
327 3051 461 3110 adverso
479 3054 616 3112 maculae
635 3051 691 3111 sub
706 3059 833 3126 pectore
847 3051 967 3125 nigrae,

198 3131 307 3193 Pectus
324 3134 463 3195 adulterii
481 3135 550 3196 labe
566 3151 671 3195 carere
686 3138 819 3209 negant?

112 3222 147 3275 45
159 3215 284 3276 Dixerat
300 3218 461 3293 interpres.
488 3219 589 3294 gelido
608 3219 681 3279 mihi
696 3219 822 3292 sanguis
837 3217 875 3277 ab
892 3233 945 3277 ore

198 3297 299 3375 Fugit,
323 3307 353 3361 et
367 3309 436 3364 ante
452 3304 559 3363 oculos
575 3319 638 3364 nox
655 3303 810 3363 stetitalta
826 3316 922 3360 meos.

484 3443 685 3455 -———-

884 3549 922 3607 4*
