2472 4010
569 244 771 306 AMORUM

290 393 404 468 ‘Quod'
421 409 480 468 que
496 397 618 468 manas,
642 402 744 469 vates,
768 393 888 468 accipe’
907 395 984 457 dixit
997 400 1120 473 ‘opust’

203 486 236 539 25
247 476 296 538 Me
312 480 471 538 misorum!
495 484 594 538 certas
610 479 715 539 habuit
730 477 871 554 pueritie
886 479 1030 554 sagittam

287 562 380 632 Uror,
403 567 433 619 et
447 561 478 620 in
492 577 591 622 vacuo
607 570 732 638 pectore
746 566 853 637 regnat
866 562 971 623 Amor.

245 644 307 705 Sex
322 645 395 704 mihi
410 651 514 720 surgat
528 659 608 720 opus
624 647 776 719 numeris,
797 645 828 704 in
845 644 982 720 quinque
997 649 1115 709 residat

279 727 396 788 ¹Ferrea
411 743 481 788 cum
497 729 607 788 vestris
622 729 703 790 bella
718 728 821 789 valete
835 729 947 808 modis.

246 811 373 886 Cingere
388 811 495 871 litorea
512 809 657 872 flaventia
671 820 811 887 tempora
825 819 941 887 myrto,

200 903 235 956 30
288 895 391 966 Musa,
415 895 625 969 perundcnos
641 895 847 956 emodulanda
862 896 970 970 pedes.
1015 932 1017 936 .
1103 911 1111 919 “

154 1068 160 1080 ’
188 1031 213 1118 2
243 1024 329 1119 Esse
344 1057 492 1134 quidhoc
509 1059 623 1133 dicam,
646 1060 731 1133 quod
744 1066 806 1120 tam
821 1061 892 1119 mihi
907 1062 984 1121 dura
999 1063 1140 1123 videntur

286 1143 402 1226 Strata,
423 1157 524 1216 neque
539 1143 568 1200 in
585 1144 662 1201 lecto
678 1143 772 1217 pallia
786 1152 893 1204 nostra
908 1146 1032 1217 sedent,
1122 1183 1126 1195 ·

240 1227 278 1286 Et
293 1241 409 1286 vacuus
425 1241 533 1286 somno
549 1233 683 1298 noctem,
708 1243 797 1299 quam
814 1230 920 1303 longa,
942 1229 1060 1304 peregi,

283 1311 444 1384 Lassaque
459 1309 572 1368 versati
587 1309 727 1383 corporis
744 1326 818 1369 ossa
833 1311 960 1371 dolenti

214 1395 332 1467 5Nam,
356 1399 448 1467 puto,
471 1393 629 1463 sentirem,
654 1393 743 1467 siquo
758 1401 924 1470 temptarer
939 1411 1052 1456 amore.

284 1477 334 1535 An
349 1475 431 1536 subit
445 1482 475 1535 et
489 1482 568 1534 teoto
583 1475 711 1534 callidus
727 1484 791 1536 arte
806 1485 917 1538 nocet?

242 1560 293 1621 Sic
309 1560 374 1632 erit.
398 1559 565 1618 haeserunt
579 1565 687 1618 tenues
702 1558 732 1618 in
745 1561 840 1620 corde
856 1561 1000 1636 sagittae,

283 1644 321 1702 Et
337 1657 486 1717 possessa
500 1643 583 1702 serus
599 1649 727 1716 pectora
741 1651 845 1703 verset
858 1645 963 1704 Amor.

242 1727 396 1799 cedimus,
421 1742 459 1784 an
475 1725 606 1785 subitum
621 1726 764 1787 luctando
779 1728 974 1790 accendimus
989 1728 1110 1802 ignem?

203 1820 234 1870 to
289 1810 449 1868 Cedamus.
480 1810 547 1868 leve
561 1810 595 1868 fit
609 1809 693 1884 quod
708 1810 786 1870 bene
803 1812 909 1884 fertur,
932 1826 1020 1870 onus.
1049 1867 1051 1872 .

247 1893 320 1954 Vidi
335 1908 392 1966 ego
408 1892 533 1952 iactatas
549 1898 631 1952 mota
645 1893 712 1952 face
726 1909 867 1954 creseere
881 1892 1042 1967 flammas,

282 1977 320 2037 Et
335 1975 397 2035 vidi
411 1977 494 2036 nullo
511 1975 702 2036 concutiente
717 1978 804 2037 mori.

241 2058 378 2119 Verbera
392 2061 481 2134 ptura
496 2060 612 2132 ierunt,
636 2076 727 2135 quam
743 2076 823 2135 quos
839 2062 922 2121 iuvat
940 2078 1015 2122 usus
1030 2062 1135 2135 aratri,
1220 2057 1222 2142 J

283 2144 458 2203 Detractant
472 2143 574 2218 pressi
590 2144 662 2202 dum
677 2143 747 2216 iuga
762 2145 860 2218 prima
871 2143 978 2204 boves.

199 2237 231 2288 15
242 2230 345 2300 Asper
360 2242 457 2300 equus
473 2227 558 2286 duris
574 2226 769 2306 contunditur
784 2242 838 2286 ora
852 2227 979 2302 lupatis=
1217 2297 1218 2300 Ἴ

284 2309 382 2369 Frena
396 2309 496 2372 minus
512 2310 618 2382 sentit,
640 2309 781 2383 quisquis
797 2310 837 2370 ad
852 2325 936 2370 arma
951 2311 1031 2370 iacit.

241 2395 351 2454 Acrius
366 2393 481 2454 invitos
495 2395 653 2467 multoque
668 2392 800 2452 ferocius
815 2389 926 2467 urget,
1125 2401 1131 2406 “

283 2477 378 2550 Quam
394 2478 445 2552 qui
461 2477 616 2537 servitium
631 2476 712 2536 serre
726 2477 868 2548 fatentur,
889 2479 994 2537 Amor.

239 2560 284 2618 En
300 2576 388 2634 ego...
406 2562 584 2620 confiteor...
600 2567 651 2619 tua
671 2575 738 2618 sum
753 2575 835 2618 nova
849 2560 979 2633 praeda,
1003 2557 1135 2633 cupium

198 2653 232 2703 20
285 2643 470 2718 Porrigimus
486 2646 584 2704 victas
600 2643 640 2702 ad
653 2649 705 2702 tua
719 2643 786 2720 iura
799 2659 918 2706 manus

240 2727 286 2786 Nil
302 2743 381 2802 opus
397 2734 444 2787 est
458 2728 549 2787 bello.
577 2726 699 2792 veniam
715 2741 886 2800 pacemque
899 2741 1058 2800 rogamus:

282 2811 344 2870 Nec
359 2810 412 2869 tibi
427 2811 494 2870 laus
510 2811 601 2870 armis
617 2809 716 2868 victus
731 2809 854 2870 inermis
869 2825 932 2869 cro.
1001 2884 1004 2890 Ι

241 2893 335 2954 Necte
351 2910 469 2954 comam
486 2901 602 2972 myrto,
621 2900 773 2974 maternas
790 2893 882 2968 iunge
898 2891 1070 2952 columbas:

283 2977 339 3050 Qui
354 2978 475 3054 deceat,
490 2987 619 3056 ¹currum
636 2977 759 3036 vitricus
776 2977 844 3050 ipse
862 2974 958 3035 dabira

197 3070 231 3122 25
242 3061 338 3134 Inque
354 3061 425 3122 dato
444 3076 550 3132 curru,
574 3061 689 3135 populo
707 3061 855 3120 clamante
869 3057 1077 3132 Triumphum,

283 3143 399 3219 Stabis,
422 3151 452 3205 et
469 3144 627 3204 adiunctas
644 3151 708 3204 arto
723 3143 863 3203 movebis
878 3157 963 3200 aves.

239 3229 393 3288 Ducentur
407 3229 489 3302 capti
500 3227 627 3308 iuvenes
642 3233 812 3302 captaeque
828 3226 961 3302 puellae:

281 3311 365 3372 Haec
382 3312 435 3372 tibi
451 3311 631 3384 magnificus
648 3327 763 3385 pompa
777 3309 948 3384 triumphus
966 3308 1030 3368 erit.

240 3395 313 3467 lpse
325 3410 400 3469 ego,
420 3394 535 3470 praeda
550 3410 668 3467 recens,
682 3396 792 3454 tactum
807 3393 899 3452 modo
916 3392 1027 3453 vuinus
1038 3387 1168 3463 habebo,

197 3483 233 3538 30
286 3476 324 3536 Et
340 3492 423 3540 nova
437 3477 559 3552 captivo
574 3477 697 3539 vincula
715 3477 932 3558 monteio-ram.
