2498 4008
147 216 210 282 Μ
524 213 693 278 uultui).
714 215 790 277 AM.

230 371 318 432 Noua
331 365 484 430 terebatur
496 368 627 429 miserae
640 368 700 428 via.
723 369 908 431 ‘viderill’...
930 373 1034 452 inquit,

273 453 311 512 ut
327 459 446 528 spectet
462 467 571 512 zonam
584 451 699 526 pallida
712 452 792 513 lacta
806 469 903 528 suam,

230 537 351 612 Aspicit
365 542 394 596 et
407 549 520 597 remos.
543 534 672 610 dubitat,
693 535 865 612 refugitque
881 538 967 612 quod
981 543 1074 617 audet

272 620 310 680 Et
325 620 424 693 timet,
447 625 477 678 et
490 617 602 694 digitos
617 619 657 678 ad
674 634 732 679 sua
746 620 825 679 colla
837 621 940 681 refert.

167 712 221 768 666
231 702 364 775 Sithoni,
387 710 459 762 lunc
474 709 556 762 certe
570 702 679 762 vellem
693 717 755 764 nou
770 704 838 763 sola
851 703 980 766 luisses=

271 787 337 846 Non
353 784 460 846 llcsset
473 785 583 860 positis
597 783 737 863 Phyllida
748 787 833 846 silva
846 788 953 848 comis.

230 868 379 948 Phyllidis
394 869 535 944 exemplo
550 869 808 950 nimium-secreta
819 869 932 944 dmeto,
1016 903 1017 906 π

272 952 370 1013 Laese
384 952 434 1010 vir
448 967 467 1010 e
482 952 618 1025 domina,
642 953 726 1011 laese
741 953 843 1027 puella
859 955 938 1014 viro.

230 1036 423 1096 Praestiterat
437 1035 557 1095 iuvenis
572 1034 721 1111 quidquid
734 1050 804 1096 mea
819 1032 909 1097 illusa
924 1036 1053 1111 iubebat,

166 1130 220 1184 616
272 1119 367 1192 Inque
382 1133 456 1178 suae
472 1125 560 1192 portu
573 1133 673 1192 paene
688 1118 795 1178 salutis
810 1127 890 1179 arel:
972 1107 981 1168 l

230 1200 381 1274 Reccidit,
403 1207 436 1260 ut
451 1200 580 1274 cupidos
595 1201 672 1260 inter
687 1201 810 1261 devenit
824 1211 964 1277 amentes,

271 1285 324 1356 Et,
347 1298 425 1358 quae
444 1283 636 1354 condiderat,
657 1285 718 1341 tela
732 1285 898 1358 resumpsit
910 1287 1011 1344 Amor.

232 1367 336 1441 Siquis
351 1381 452 1438 ames,
475 1379 532 1425 nec
544 1367 609 1438 vis,
631 1364 722 1425 lecito
738 1366 880 1440 contagia
896 1367 982 1427 vites.

272 1450 355 1509 Haec
370 1449 459 1508 etiam
474 1449 580 1523 pecori
596 1463 690 1522 saepe
704 1461 817 1508 nocere
831 1452 940 1510 solent.

166 1535 306 1598 tirellum
322 1538 461 1607 spectent
474 1532 578 1593 laesos
594 1531 688 1604 oeuli,
709 1531 871 1592 laeduntur
885 1542 915 1594 et
928 1533 996 1608 ipsi,

272 1616 427 1690 Multaque
442 1615 622 1691 corporibus
636 1615 812 1676 transitione
826 1624 947 1676 nocent

230 1701 264 1758 ln
282 1701 349 1760 loce
365 1713 591 1775 nonnumquam
607 1699 698 1758 siccis
714 1699 830 1759 mentia
844 1699 940 1774 glebis

193 1843 197 1856 ,
272 1784 317 1843 De
331 1797 429 1858 prope
444 1784 575 1844 currenti
589 1781 713 1842 flumine
728 1789 831 1842 manet
845 1797 934 1858 aqua.

229 1866 333 1925 Manet
346 1881 433 1926 amor
447 1871 561 1941 tectus,
582 1867 609 1926 si
623 1879 685 1924 non
700 1865 738 1925 ab
754 1873 873 1926 emente
887 1864 1031 1925 recedas:

166 1959 234 2014 666
270 1947 432 2023 Turbaque
445 1949 477 2008 in
491 1949 551 2010 hoc
561 1965 673 2010 omnes
689 1948 849 2024 ingeniosa
866 1965 981 2010 sumus

229 2032 316 2091 Alter
330 2031 401 2092 ilem
416 2031 476 2092 iem
491 2049 585 2092 senus
600 2040 673 2092 crat.
694 2030 806 2092 vicinia
820 2033 923 2093 laesit:

273 2114 440 2176 Occursum
454 2114 594 2176 dominae
609 2131 670 2175 non
684 2114 750 2176 tulit
763 2115 814 2174 ille
828 2129 913 2176 suae.
934 2153 936 2158 ·
955 2137 959 2144 ⁴

231 2200 347 2258 Vulnus
365 2199 395 2257 in
411 2199 566 2275 antiqumn
582 2199 671 2259 rediit
687 2199 765 2257 male
779 2199 866 2258 firme
881 2197 1012 2272 cicatrix,

272 2280 517 2356 Successlunque
532 2290 612 2342 artes
627 2298 688 2342 non
704 2280 839 2342 habuere
853 2297 947 2342 meae.

164 2373 216 2428 616
227 2364 387 2425 Proximus
403 2379 422 2424 6
436 2366 523 2425 166116
539 2362 617 2439 ignis
635 2364 807 2431 defenditur
824 2379 925 2440 aegre.

270 2448 348 2509 Utile
363 2447 496 2507 finitimis
511 2447 696 2508 abstinuisse
710 2447 798 2508 locis.

228 2531 290 2590 Nec
307 2545 385 2605 quae
399 2529 479 2590 lerre
493 2534 571 2592 solet
586 2533 765 2606 spatiantem
780 2532 916 2605 porticus
932 2531 1022 2602 illam,

269 2614 311 2673 Te
328 2615 417 2684 ierat,
441 2614 575 2674 officium
592 2630 671 2676 neve
689 2615 805 2674 coletur
819 2613 910 2674 idem.

229 2697 307 2772 Quid
322 2697 405 2757 iuvat
419 2697 572 2758 admonitu
587 2698 721 2772 tepidam
736 2697 927 2758 recalescere
941 2702 1093 2756 mantem?

112 2811 116 2826 ·
163 2789 217 2845 666
267 2780 368 2854 Alter,
391 2781 417 2841 si
433 2780 552 2856 possis,
575 2782 657 2842 orbis
672 2781 833 2841 habendus
848 2781 913 2840 erit.
1074 2857 1079 2862 ἡ

226 2863 294 2923 Non
312 2865 400 2924 facile
415 2865 554 2925 esuriens
573 2866 674 2939 posita
687 2864 857 2925 retinebere
870 2867 984 2936 mense,

269 2945 306 3004 Et
320 2948 442 3008 multam
461 2949 574 3008 saliens
589 2947 693 3009 incitat
706 2948 789 3008 unda
805 2946 895 3008 sitim.

227 3027 292 3088 Non
309 3029 397 3088 166116
411 3038 458 3090 est
473 3038 591 3091 taurum
605 3033 674 3091 visa
687 3032 817 3091 relinere
830 3029 969 3090 iuvenca.

269 3112 369 3172 Fortis
385 3127 482 3186 equus
499 3115 584 3174 visae
600 3129 722 3189 semper
737 3112 874 3173 adhinnit
889 3125 996 3186 equae.

163 3206 214 3261 635
224 3195 308 3256 Haec
322 3195 372 3256 ubi
387 3197 588 3272 praestiteris,
608 3205 640 3258 ut
654 3197 776 3258 tandem
790 3196 891 3257 littora
904 3202 1021 3269 ungas,

267 3280 335 3339 Non
352 3279 451 3354 ipsam
467 3281 541 3341 satis
558 3288 605 3340 est
619 3280 796 3341 deseruisse
809 3279 873 3341 tibi.

226 3361 264 3418 ut
278 3375 366 3420 soror
380 3369 409 3420 et
422 3371 517 3424 meter
530 3365 651 3422 valeant
665 3370 695 3422 61
708 3363 834 3424 conscia
848 3362 960 3435 nutrix,

156 3486 160 3492 .,
187 3471 190 3477 ,
268 3440 305 3498 Et
320 3443 456 3514 quisquis
472 3445 612 3505 dominae
626 3461 698 3521 pars
714 3447 769 3507 erit
783 3445 844 3505 ulla
858 3451 939 3505 tuae.
