2488 4006
183 214 282 324 '1ch
560 235 831 297 urrsrunnr.

269 393 307 452 Et
321 392 418 451 decor
430 395 460 450 el
473 388 576 450 vultus
591 388 658 448 sine
671 386 838 450 rusticitate
854 387 1016 466 pudentes,

223 487 263 540 so
315 474 366 547 Et,
389 471 522 532 Thetidis
539 469 638 546 qualis
656 470 709 529 vix
722 485 792 530 rear
807 485 894 545 esse,
916 471 1024 546 pedes.

270 559 377 618 cetera
392 556 419 618 si
435 570 560 632 possem
573 553 712 626 laudare,
735 553 852 614 beatior
865 569 986 615 essetne

313 641 374 700 Nec
388 639 511 713 dubito,
533 638 716 711 totumquin
731 634 790 697 sibi
803 653 860 712 par
875 637 916 697 sit
929 654 1019 712 opus.

270 725 335 784 Hac
350 739 408 798 ego
424 724 619 798 compulsus,
639 736 700 784 non
716 727 764 782 est
777 720 930 796 mirabile,
953 722 1060 798 forma,

316 807 348 867 Si
365 809 475 884 pignus
490 805 573 866 vblui
588 804 673 865 vocis
687 803 801 864 babere
817 810 897 864 tuae

223 900 262 956 65
274 891 426 965 Denique,
449 890 521 950 dum
536 894 655 963 captam
671 894 704 949 tu
720 893 750 948 te
766 902 879 962 cogare
894 888 989 961 lateri,

313 973 434 1034 Insidiis
450 980 517 1034 esto
532 977 622 1046 capta
635 972 738 1045 puella
752 971 838 1032 meis.

270 1057 418 1116 invidiam
434 1055 540 1132 patiar.
563 1069 658 1129 passo
674 1069 731 1114 sua
745 1053 881 1128 praemia
896 1054 1012 1135 dentur.

224 1153 227 1158 ·
314 1141 373 1220 Cur
389 1157 463 1201 suus
479 1145 592 1199 atanto
608 1137 733 1197 crimine
746 1138 861 1199 fructus
877 1137 984 1199 abest?

271 1223 424 1284 Hesionen
439 1223 597 1295 Telamon,
619 1221 759 1282 Briseida
774 1221 855 1296 cepit
867 1221 1017 1282 Achillesa

224 1315 263 1369 ‘lo
315 1309 451 1381 Utraque
464 1305 610 1366 victorem
625 1319 735 1380 nempe
749 1311 855 1379 secuta
868 1305 975 1366 virum.

271 1389 441 1464 Quamlibet
454 1404 583 1450 accuses
597 1395 627 1448 et
641 1388 685 1448 sis
699 1389 776 1448 irata
791 1387 901 1462 licebit,

311 1475 391 1533 Irata
404 1474 493 1534 liccat
505 1472 577 1533 dum
591 1471 664 1532 mihi
678 1487 774 1546 posse
789 1471 856 1532 lnui.

268 1559 368 1631 Idem,
390 1557 442 1632 qui
457 1557 599 1628 iacimus,
623 1557 732 1616 iactam
747 1555 938 1616 tenuabimus
954 1556 1039 1630 iram,

313 1641 408 1715 Copia
422 1639 564 1714 placandi
579 1637 724 1712 silmodo
740 1655 837 1714 parva
852 1639 905 1700 tui.

222 1731 260 1786 75
271 1724 351 1782 Ante
365 1731 433 1784 tuos
449 1723 540 1784 liceat
554 1721 675 1783 flentem
691 1723 860 1783 consistere
874 1725 985 1796 voltus,

311 1808 348 1867 Et
363 1808 452 1867 liceat
465 1805 596 1868 lacrimis
613 1807 727 1867 addere
741 1807 837 1868 verba
851 1807 931 1868 suis:

268 1892 369 1964 thue
383 1892 483 1950 solent
497 1890 616 1962 lamuli,
638 1904 705 1950 cum
721 1889 849 1950 verbera
863 1904 959 1950 saeva
972 1898 1116 1951 verentur

309 1975 446 2034 Tendere
461 1974 642 2034 summissas
659 1973 700 2033 ad
713 1979 767 2034 tua
780 1989 868 2034 crura
883 1989 1000 2034 manus.
1016 2027 1021 2032 .

267 2057 394 2132 ignoras
409 2064 460 2116 tua
474 2059 549 2116 iura.
573 2070 660 2116 voca.
684 2070 738 2116 cur
752 2073 865 2132 arguor
878 2057 1012 2118 absens?

220 2149 260 2203 80
313 2140 490 2201 Iamdudum
507 2140 649 2202 dominae
664 2155 749 2200 more
765 2141 869 2201 venire
883 2141 963 2202 iube.

266 2223 339 2298 ipsa
354 2239 439 2284 meos
455 2223 579 2284 scindas
593 2224 665 2283 licet
678 2224 833 2299 inperiosa
849 2224 986 2299 capillos,

311 2305 431 2381 Oraque
446 2307 507 2366 sint
520 2307 621 2382 digitis
636 2307 730 2366 livida
743 2315 848 2368 nostra
861 2308 930 2368 tuis.

267 2389 375 2450 Omnia
390 2391 553 2464 perpetiar.
576 2397 690 2452 tantum
706 2391 838 2451 sortasse
853 2390 974 2463 timebo,

309 2473 443 2548 Corpore
457 2473 595 2534 laedatur
610 2489 648 2534 no
663 2489 770 2534 manus
785 2474 844 2534 ista
858 2489 937 2534 mco.

219 2564 258 2618 85
270 2555 332 2616 Sed
347 2571 447 2630 neque
462 2555 678 2630 compedibus,
700 2573 757 2618 nec
771 2573 819 2618 me
835 2572 990 2632 conpesce
1005 2557 1135 2618 catenis.

309 2638 463 2699 Servabor
476 2641 564 2700 firmo
581 2640 700 2701 vinctus
714 2655 819 2700 amore
833 2641 884 2702 tui.

267 2723 340 2785 Cum
354 2723 433 2784 bene
448 2740 497 2797 se,
522 2730 730 2798 quantumque
745 2726 839 2797 volet,
862 2724 1018 2784 satiaverit
1033 2725 1088 2795 ira,

307 2808 380 2881 Ipsa
393 2806 446 2867 tibi
462 2806 548 2867 dices
565 2809 669 2882 ‘quam
684 2807 833 2882 patienter
846 2811 954 2868 arnatt’

265 2890 337 2963 Ipsa
351 2889 403 2950 tibi
419 2891 521 2964 dices,
543 2889 594 2950 ubi
608 2889 724 2951 videris
739 2891 843 2951 omnia
857 2891 945 2964 lerre,

218 2979 258 3032 90
311 2972 395 3032 ‘Tam
412 2973 490 3032 bene
506 2973 559 3048 qui
572 2976 680 3048 servit,
701 2975 815 3036 serviat
829 2975 886 3036 iste
900 2973 995 3037 mibi!

264 3054 350 3113 Nunc
363 3071 434 3116 reus
449 3057 555 3117 inlclix
570 3056 684 3118 absens
699 3074 784 3132 agor.
806 3065 836 3118 ct
851 3074 934 3133 mea,
954 3073 1022 3120 eum
1037 3059 1078 3118 sit

308 3138 441 3212 Optima,
463 3155 524 3199 non
541 3141 601 3200 ullo
618 3155 713 3202 causa
729 3149 832 3202 luente
846 3142 934 3217 perit.

263 3220 329 3282 Hoc
341 3237 479 3296 quoque,
501 3223 585 3297 quod
596 3231 628 3284 tu
640 3225 704 3299 vis,
719 3227 759 3286 sit
770 3225 917 3299 scriptum
929 3222 1038 3284 iniuria
1049 3231 1198 3284 nostrum.
1225 3251 1226 3323 l

305 3305 394 3377 Quod
409 3305 448 3364 de
461 3322 510 3366 me
525 3308 592 3366 solo
611 3323 721 3383 nempe
737 3310 892 3384 queraris,
914 3307 1021 3368 habes.

221 3391 256 3445 25
268 3386 332 3446 Non
348 3387 456 3448 memit
470 3389 532 3448 lalli
543 3404 665 3450 mccum
682 3407 806 3465 quoque
820 3393 915 3453 Delia.
939 3391 964 3450 si
979 3405 1042 3451 non

305 3467 361 3528 Vis
377 3469 448 3529 mihi
464 3473 645 3546 promissam
661 3473 808 3547 reddere,
832 3475 928 3534 redde
942 3475 1029 3533 deuo.
