2498 4008
156 213 217 275 194
517 209 658 272 ARTIS
678 209 816 272 ΑΜἈΤ.
909 203 915 233 “

280 363 324 424 Tu
333 364 417 422 male
431 345 555 444 iactato,
577 369 611 422 tu
626 364 706 422 male
720 361 798 420 iacta
813 361 884 422 dato
893 383 904 418 ι.

173 457 225 510 2οό
237 446 300 508 Seu
315 447 518 518 malesanos,
540 445 650 505 victam
664 461 703 504 ne
719 459 820 518 poena
835 453 992 521 sequatur,

279 529 426 596 Damnosi
441 530 532 591 facito
548 536 628 588 stent
641 527 694 590 tibi
709 542 805 601 saepe
819 542 926 588 canes:

237 613 309 673 Sive
326 613 475 673 latrocinii
490 612 547 674 sub
562 612 693 686 imagine
709 612 844 670 calculus
859 611 921 685 ibit,

277 696 338 756 Fac
353 703 459 773 percat
475 695 570 756 vitreo
585 695 672 754 miles
687 694 725 754 ab
740 693 830 754 hoste
844 702 925 756 tuus.

234 781 306 855 lpse
321 786 391 840 tene
406 779 538 840 distenta
553 781 618 839 suis
633 777 810 839 umbracula
822 778 926 852 virgis,

169 875 222 928 210
275 865 347 938 lpse
362 864 411 923 sac
426 863 457 922 in
470 863 574 936 turha,
595 878 656 937 qua
669 862 752 921 venit
766 860 832 935 illa,
854 862 965 922 locum.

233 948 296 1008 Nec
310 947 415 1008 dubita
429 947 515 1007 tereti
531 961 688 1006 scamnum
706 943 877 1020 producere
890 946 979 1022 lecto,

275 1030 312 1089 Et
325 1037 431 1090 tenero
447 1031 563 1090 soleam
578 1029 666 1088 derne
680 1030 729 1088 vel
744 1028 824 1088 adde
838 1030 920 1104 pedi.

234 1113 335 1188 Saepe
349 1113 440 1173 etium
455 1111 611 1192 dominae,
635 1112 774 1186 quamvis
788 1111 927 1173 horrebis
943 1111 1064 1189 etipse,

274 1197 396 1272 Algenti
414 1213 522 1256 manus
537 1202 585 1255 est
599 1194 788 1254 calfacienda
802 1196 880 1254 sinu.
916 1248 921 1254 .

167 1290 218 1342 215
229 1281 291 1340 Nec
302 1280 359 1338 libi
372 1282 462 1354 turpe
475 1287 596 1354 puta...
620 1279 759 1354 quamvis
775 1279 814 1338 sit
828 1287 930 1355 turpe,
951 1280 1134 1356 placebit...

274 1364 408 1437 Ingenua
423 1363 581 1438 speculum
596 1363 780 1423 sustinuisse
793 1379 893 1437 manu.

225 1447 299 1518 llle,
323 1445 465 1519 fatigatae
480 1445 659 1521 perimendo
674 1452 810 1505 monstra
823 1461 975 1506 novercae

273 1528 328 1601 Qut
344 1529 453 1591 meruit
466 1529 598 1602 caelum,
621 1528 703 1604 quod
717 1530 801 1603 prior
816 1531 884 1603 ipse
898 1531 971 1604 tulit,

230 1613 311 1672 luter
325 1613 465 1672 Ioniacas
482 1613 631 1672 calathum
648 1613 784 1673 tenuisse
799 1613 918 1687 puellas

164 1705 217 1758 220
271 1695 421 1770 Creditur,
445 1703 476 1756 et
488 1699 575 1756 lanas
590 1697 765 1756 excoluisse
779 1697 884 1756 rudes.
1022 1771 1024 1776 Ι

227 1779 329 1840 Paruit
342 1779 468 1854 imperio
485 1779 627 1840 dominae
640 1779 815 1855 Tirynthius
830 1779 932 1840 heros.

269 1864 283 1919 l
297 1879 379 1922 nunc
393 1869 423 1922 et
437 1863 543 1924 dubita
556 1864 649 1937 ieme,
674 1863 757 1936 quod
771 1865 822 1922 ille
833 1864 909 1924 tulit.

226 1947 333 2006 Iussus
350 1945 462 2006 adesse
477 1947 559 2018 loro,
582 1947 667 2006 iussa
680 1946 827 2007 maturius
842 1946 919 2006 hora

268 2028 329 2088 Fac
344 2044 466 2105 semper
479 2031 601 2104 venias,
621 2045 678 2089 nec
693 2031 752 2091 nisi
767 2045 855 2092 serus
869 2029 929 2089 ubi.

162 2122 213 2175 225
226 2109 376 2173 Occurras
392 2114 509 2188 aliquo,
531 2113 585 2179 tibi
601 2113 724 2188 dixerit,
745 2115 850 2185 omnia
862 2111 960 2186 differ,

269 2197 378 2276 Curre,
398 2213 456 2258 nec
470 2199 624 2272 inceptum
637 2198 727 2257 turba
740 2205 874 2257 moretur
890 2199 955 2256 iter.

103 2297 110 2305 ·
224 2279 319 2339 Nocte
333 2281 457 2340 domurn
470 2289 613 2356 repetens
630 2282 722 2356 epulo
738 2283 896 2356 perfuncta
908 2280 1034 2341 redibit:

265 2364 348 2423 Tunc
363 2379 490 2439 quoque
504 2381 560 2439 pro
576 2380 683 2438 servo,
706 2365 733 2426 si
748 2373 838 2442 vocal
852 2366 916 2437 illo,
939 2365 1020 2424 veni.

223 2445 305 2506 Rure
320 2447 390 2520 erit,
413 2447 537 2508 et'd'rcet
551 2449 698 2508 ‘venias’2
720 2448 816 2508 Amor
831 2449 895 2510 odit
908 2449 1036 2508 inertes=

159 2537 211 2590 230
265 2527 297 2589 Si
311 2538 379 2590 rota
393 2531 535 2604 deluerit,
556 2540 588 2592 tu
603 2534 683 2607 pede
701 2548 793 2608 carpe
807 2533 899 2592 viam.

222 2613 284 2672 Nec
297 2629 391 2688 grave
404 2621 434 2674 te
448 2621 570 2691 tempus
586 2617 754 2693 sitiensque
770 2617 912 2676 Canicula
925 2613 1034 2689 tardet,

264 2697 326 2758 Nec
340 2699 391 2758 via
405 2714 461 2775 per
476 2700 571 2778 iactas
587 2699 719 2760 candida
732 2701 812 2760 iacta
825 2700 924 2760 nives.

221 2780 345 2841 Militiae
360 2783 481 2858 species
498 2799 585 2845 umor
598 2791 654 2844 est.
676 2783 841 2855 discedite,
864 2797 992 2858 segnes=

263 2864 330 2924 Non
345 2873 415 2926 sunt
428 2867 504 2927 haec
519 2867 633 2928 timidis
649 2868 737 2942 signa
750 2866 863 2927 tuenda
877 2867 960 2925 viris.

155 2953 206 3008 235
217 2948 286 3007 Nox
301 2955 331 3008 et
345 2948 441 3010 hiems
455 2951 627 3027 longaeque
641 2951 711 3011 viae
724 2951 872 3026 saevique
887 2949 1012 3010 dolores

261 3030 404 3092 Mollibus
420 3033 468 3094 bis
484 3036 594 3095 castris
611 3042 641 3095 et
656 3035 743 3094 labor
759 3035 858 3094 omnis
876 3035 964 3092 inest.

219 3113 322 3189 Saepe
336 3115 417 3176 seres
433 3116 559 3178 imbrem
575 3119 699 3179 caelesti
714 3119 796 3178 nube
812 3118 952 3191 solutum,

259 3197 399 3274 Frigidus
414 3209 444 3261 et
459 3202 542 3261 nuda
560 3218 655 3278 saepe
669 3202 787 3262 iacebis
803 3202 907 3261 humo.

218 3280 365 3357 Cynthius
379 3284 502 3344 Admeti
517 3299 630 3346 vaccas
646 3288 773 3360 pavisse
787 3283 915 3345 Pheraei

151 3369 204 3422 240
255 3364 376 3437 Fertur,
400 3373 429 3425 et
444 3368 475 3434 ip
489 3385 589 3442 parva
602 3370 761 3430 delituisse
776 3385 859 3429 casa.

218 3443 305 3515 Quod
325 3447 482 3512 Phoebum
499 3452 614 3528 decuit,
637 3468 727 3528 quem
742 3469 804 3514 non
817 3453 930 3512 decet?
952 3464 1036 3511 exue
1052 3449 1182 3527 iustus,
