2498 4008
456 233 484 306 1,
507 215 735 296 iar-ara·
983 320 985 324 ι
1032 232 1091 298 111

92 395 145 447 335
158 384 212 446 Cui
226 397 287 442 non
302 381 414 442 delleta
429 389 476 442 est
489 381 671 458 Ephyraeae
686 380 810 444 flamma
824 381 967 458 Creusae,

200 465 238 526 Et
254 479 330 524 nece
344 471 483 525 natorum
499 465 731 540 sanguinolenta
744 472 877 540 parens?

95 589 96 594 κ
159 549 256 610 Flevit
270 547 490 628 Amyntorides
504 563 560 622 per
572 548 676 616 ¹inania
692 549 805 610 lumina
818 547 964 612 Phoenix.

201 632 404 708 Hippolytum
413 629 518 706 pavidi
533 629 700 708 diripuistis
716 633 797 708 equi.
1068 635 1071 638 ’

160 714 238 788 Quid
253 714 333 774 lodis
348 715 510 788 inmeritis,
531 713 659 786 Phineu,
684 731 739 776 sua
753 713 867 776 lunrina
882 716 982 776 natis?

92 807 148 860 340
199 798 302 858 Poena
315 813 477 858 reversura
492 804 539 858 est
552 798 582 857 in
598 804 689 873 caput
702 799 761 858 ista
774 803 878 857 launa·

162 881 269 942 Omnia
282 883 413 942 leminea
428 891 497 942 sunt
511 877 571 941 ista
584 881 708 942 libidine
722 889 813 940 mota.

201 965 310 1025 Aerior
324 971 372 1024 est
384 971 503 1037 nostra,
526 964 658 1039 plusque
673 965 782 1025 luroris
796 963 897 1027 habet.

158 1048 239 1122 Ergo
255 1063 325 1121 age,
349 1063 387 1106 ne
402 1047 506 1106 dubita
520 1055 644 1108 cunetas
660 1062 785 1122 sperare
799 1048 927 1120 puellas.

202 1131 263 1188 Vix
278 1129 333 1188 erit
348 1145 365 1187 e
381 1131 480 1190 multis
497 1145 576 1203 quae
591 1137 694 1202 neget,
717 1145 777 1188 una
791 1127 853 1187 tibi.

95 1219 148 1273 345
161 1207 324 1285 Quaedam
333 1227 473 1286 quaeque
486 1217 605 1284 negant,
620 1210 754 1284 gaudent
766 1217 865 1269 tamen
873 1227 944 1274 esse
955 1220 1091 1288 rogatae.

199 1295 312 1354 Uliam
329 1295 457 1368 latiaris,
479 1301 542 1355 tuta
556 1294 681 1368 repulsa
698 1300 753 1355 tua·
764 1299 819 1352 est.

161 1377 222 1437 Sed
239 1394 291 1438 eur
303 1377 435 1451 fallaris,
457 1393 525 1439 eum
540 1378 578 1436 sit
593 1393 674 1436 nova
688 1383 773 1451 grata
788 1378 938 1453 voluptas

201 1460 243 1520 Et
253 1461 375 1536 capiant
390 1461 506 1522 animos
522 1463 592 1535 plus
607 1461 706 1520 aliena
721 1460 806 1521 suisa
908 1514 915 1528 ,

159 1543 299 1604 Fertilior
314 1559 403 1618 seges
420 1551 466 1604 est
479 1544 585 1604 alienis
601 1560 722 1619 semper
735 1544 764 1602 in
781 1544 871 1618 agris,

93 1633 148 1687 350
199 1627 402 1700 Vicinumque
419 1643 513 1700 pecus
528 1626 673 1700 grandius
688 1626 764 1688 uber
778 1626 878 1686 habet.

160 1707 222 1769 Sed
238 1709 322 1783 prius
338 1709 477 1768 ancillam
492 1710 661 1784 captandae
677 1725 771 1770 nosse
787 1705 906 1784 puellae

202 1789 279 1852 Cura
295 1793 341 1852 sit.
366 1807 511 1853 accessus
526 1790 640 1853 molliet
654 1792 705 1851 illa
719 1801 798 1854 tuos.
841 1797 845 1802 “

158 1873 299 1934 Proxima
315 1876 449 1936 consiliis
466 1875 606 1936 dominae
621 1875 660 1934 sit
673 1882 706 1934 ut
720 1875 785 1946 illa,
801 1871 919 1948 ridete,

201 1957 284 2017 Neve
300 1973 406 2034 parurn
420 1958 518 2018 tacitis
535 1959 660 2018 conscia
675 1957 738 2016 fida
752 1956 839 2016 iocis.
918 2029 921 2036 Ι

93 2048 146 2101 355
156 2041 241 2115 Hane
256 2047 288 2100 tu
305 2042 462 2116 pollicitis
485 2041 563 2100 hane
578 2049 611 2101 tu
625 2055 786 2121 corrumpe
800 2035 952 2114 rogando:

202 2124 288 2197 Quod
303 2124 398 2198 petis,
420 2141 458 2183 ex
473 2124 567 2195 laelii,
591 2125 618 2183 si
632 2126 715 2184 volet
729 2124 793 2194 illa,
814 2125 907 2184 lenes

158 2208 213 2266 llla
225 2208 304 2281 leget
316 2214 472 2282 tem-pus..
493 2204 603 2266 medici
620 2221 743 2282 quoque
756 2214 893 2281 tempora
907 2213 1063 2268 servant...

201 2289 266 2362 Quo
282 2289 379 2349 facilis
396 2291 536 2350 dominae
551 2306 637 2351 ruens
653 2291 692 2350 sit
706 2297 736 2350 et
750 2296 821 2363 apta
835 2289 913 2364 capi.

159 2372 245 2432 Mens
261 2373 316 2432 erit
330 2381 400 2448 apta
415 2373 483 2448 capi
499 2380 575 2447 turn,
598 2390 666 2433 curn
681 2374 847 2452 laetissima
861 2388 960 2431 rerum
998 2407 1000 2411 -

93 2462 148 2517 360
200 2456 240 2515 Ut
255 2471 344 2530 seges
359 2457 390 2516 in
406 2457 510 2532 pingui
525 2455 687 2534 luxuriabit
700 2455 803 2515 humo.
1042 2464 1044 2469 ’

159 2538 287 2597 Pectora
303 2539 374 2598 dum
388 2540 522 2614 gaudent
539 2555 595 2599 neo
611 2548 682 2599 sunt
696 2539 841 2600 adstricta
856 2539 971 2613 dolore,

200 2621 273 2696 Ipsa
287 2627 403 2696 patent
420 2622 534 2698 blanda
548 2630 610 2683 turn
626 2622 707 2682 subit
721 2629 784 2692 arte
798 2624 914 2682 Venus,

159 2697 246 2775 Turn,
269 2719 337 2765 oum
351 2706 445 2766 tristis
461 2714 540 2779 erat,
560 2705 688 2766 defensa
703 2711 750 2765 est
763 2703 836 2765 llios
851 2704 956 2764 armis:

200 2786 344 2848 Militibus
360 2789 518 2864 gravidum
533 2792 613 2852 laeta
627 2789 743 2864 recepit
758 2804 879 2862 equum.
1091 2865 1092 2868 Ἴ

92 2878 146 2932 355
156 2870 230 2929 Tunr
246 2887 369 2946 quoque
390 2873 565 2948 temptanda
580 2880 640 2946 est,
665 2889 733 2934 oum
749 2871 847 2958 pelice
862 2873 948 2931 laesa
962 2867 1088 2930 dolebit:

201 2956 275 3014 Turn
289 2954 388 3019 iacies.
400 2972 509 3032 opera,
531 2971 570 3015 ne
585 2957 624 3016 sit
637 2957 746 3027 inulta,
770 2963 829 3016 tua.

159 3035 244 3095 Hanc
260 3041 422 3099 matutinos
437 3047 564 3115 pectens
579 3040 689 3100 ancilla
704 3039 831 3116 capillos
898 3109 901 3118 ¹

202 3120 321 3195 incitet,
344 3131 374 3184 et
388 3123 457 3183 velo
472 3123 594 3196 remigis
610 3122 703 3182 addat
719 3138 818 3198 opem,

158 3201 196 3261 Et
210 3218 312 3264 seourn
327 3207 408 3266 tenui
425 3207 583 3284 suspirans
599 3217 751 3273 murmure
766 3206 847 3266 dieat

91 3291 146 3347 310
200 3285 251 3346 ‘Ut
267 3289 356 3363 p'uto,
380 3304 440 3348 non
456 3297 580 3363 poteras
595 3290 665 3364 ipsa
679 3283 793 3349 referre
806 3289 928 3348 vicem?

157 3369 232 3428 Turn
249 3370 287 3430 de
302 3380 332 3432 te
346 3379 462 3442 narret,
484 3379 546 3431 turn
562 3371 778 3447 persuadentia
792 3371 887 3442 verba

198 3453 316 3527 Addat,
340 3463 370 3516 et
385 3457 493 3530 insano
510 3456 587 3516 iuret
602 3469 705 3515 amore
720 3453 805 3514 mori.

113 3549 198 3593 ovrn.
221 3535 244 3593 l.
893 3546 927 3598 10

456 3754 722 3821 brittinorii

488 3899 540 3976 955
555 3849 689 3972 ignatii*

1116 3243 1121 3277 l
