2498 4008
148 277 212 342 aaa
511 274 652 363 naris
675 273 814 334 uuir.

237 428 433 504 Spectantem
447 433 562 502 specta.
585 427 694 486 ridenti
709 425 813 486 mollia
827 424 907 482 ride:

277 514 399 583 Innuet,
423 518 566 586 acceptas
583 517 614 570 tu
631 525 754 585 quoque
769 507 866 568 redde
882 512 981 566 notas.

172 605 224 659 515
236 595 288 656 Sic
302 595 353 653 ubi
369 595 511 668 prolusit,
533 593 660 653 rudibus
676 607 754 668 puer
768 593 817 651 ille
830 591 945 651 relictis

279 679 406 753 Spicula
420 679 459 737 de
474 678 617 752 pharetra
632 677 744 752 promit
758 681 848 735 acuta
865 691 931 734 sua.

238 762 364 832 Odimus
380 769 410 822 et
424 769 568 821 maestas.
600 761 796 820 Tecmessam
811 757 917 834 diligat
928 757 1025 816 Aiax:

279 846 342 907 Nos
356 845 484 907 hilarem
498 845 645 919 populum
660 845 772 903 lomina
787 843 866 902 laeta
880 842 970 916 capit.
1053 839 1171 917 [garam

236 931 407 1003 Numquam
418 943 476 1002 ego
489 936 532 1001 te,
554 927 784 999 Andromache,
802 942 860 985 nec
871 931 915 1000 te,
931 925 1115 996 Tecmessa,
1130 940 1171 983 ro-

173 1024 225 1076 520
277 1014 317 1074 Ut
331 1027 399 1072 mea
413 1011 452 1070 de
466 1011 558 1072 vobis
573 1013 668 1071 altera
683 1011 780 1070 amica
795 1010 882 1069 toret.

238 1096 370 1158 Credere
383 1095 442 1154 vix'
451 1096 574 1169 videor,
597 1111 664 1154 cum
681 1109 775 1169 cogar
790 1093 916 1152 credere
932 1097 1028 1167 partu,

280 1181 346 1239 Vos
363 1194 421 1252 ego
437 1193 505 1237 curn
520 1179 630 1238 vestris
648 1177 854 1238 concubuisse
868 1176 954 1235 viris.

238 1263 361 1324 Scilicet
374 1262 461 1320 Aiaci
477 1261 587 1321 mulier
602 1263 805 1321 maestissima
820 1260 895 1320 dixit

281 1345 359 1403 ‘Lux
375 1348 454 1404 mea'
473 1360 614 1420 quaeque
629 1346 729 1404 solent
743 1343 838 1404 verba
852 1344 958 1403 iuvare
972 1341 1079 1401 viros?

174 1439 223 1492 525
237 1429 310 1503 Quis
327 1423 408 1487 vetat
422 1445 441 1487 a
454 1429 573 1502 magnis
588 1429 693 1488 adres
709 1429 850 1502 exempla
865 1427 999 1486 minores

282 1511 425 1586 Sumere,
444 1527 502 1570 nec
517 1527 629 1572 nomen
645 1512 839 1588 pertimuisse
856 1510 966 1569 ducist

237 1596 307 1656 Dux
321 1595 421 1655 bonus
436 1595 507 1655 huic
524 1601 643 1655 centum
659 1597 809 1655 commisit
824 1594 884 1654 vite
898 1592 1063 1668 regendos

279 1679 358 1738 Huic
372 1679 505 1753 equites,
526 1679 568 1738 illi
583 1679 671 1754 signa
685 1679 799 1740 tuenda
814 1679 907 1738 dedit.
1036 1687 1039 1694 '

237 1763 305 1823 Vos
317 1778 451 1837 quoque,
467 1763 507 1822 de
515 1762 605 1823 nobis
616 1779 706 1837 quem
718 1762 850 1838 quisque
861 1762 918 1821 erit
928 1768 1017 1836 aptus
1029 1759 1071 1818 ad
1080 1773 1170 1832 usum,

174 1855 226 1909 530
278 1845 438 1921 Inspicite,
459 1853 489 1906 et
503 1853 586 1906 certo
603 1847 707 1922 ponite
723 1861 877 1922 quemque
895 1847 974 1906 loco.

238 1929 364 1988 Munera
380 1929 432 1989 det
446 1928 543 1989 dives.
565 1930 614 1990 ius
631 1931 683 2004 qui
700 1929 905 2006 profitebitur,
930 1926 1025 1988 adsit:

280 2011 443 2073 Facundus
458 2027 584 2073 causum
599 2029 694 2089 saepe
709 2013 828 2074 clientis
844 2019 922 2088 agat.

239 2096 378 2156 Carmina
394 2097 446 2171 qui
462 2097 606 2171 iacimus,
629 2099 779 2165 mittamus
795 2097 928 2156 carmina
942 2101 1067 2154 tantum.

279 2179 337 2239 Hic
354 2179 466 2240 chorus
481 2188 552 2241 ante
566 2182 644 2242 alios
659 2189 748 2258 aptus
763 2197 865 2240 amare
880 2195 996 2240 sumus.

174 2272 226 2327 535
237 2262 301 2323 Nos
317 2263 445 2323 facimus
461 2265 591 2338 placitae
606 2265 667 2325 late
682 2264 847 2340 praeconia
863 2264 993 2323 lormae=

279 2345 395 2406 Nomen
410 2345 503 2407 habet
516 2348 670 2423 Nemesis,
694 2349 822 2426 Cynthia
837 2362 948 2407 nomen
963 2343 1072 2404 babet:

237 2430 361 2504 Vesper
377 2436 407 2490 et
420 2445 496 2491 eoae
511 2446 627 2491 novere
639 2432 794 2510 Lycorida
809 2440 921 2492 terrae:

235 2550 236 2554 =
279 2512 317 2572 Et
332 2513 429 2586 multi,
452 2530 531 2588 quae
546 2515 586 2575 sit
599 2523 704 2576 nostra
720 2516 864 2588 Corinna,
884 2519 1003 2588 rogant.

237 2594 342 2670 Adde,
364 2596 448 2671 quod
463 2597 595 2659 insidiae
610 2600 706 2659 sacris
722 2617 740 2659 a
754 2598 874 2658 vatibus
891 2598 1010 2669 absunt,

173 2687 226 2742 555
279 2679 317 2739 Et
331 2681 402 2740 lacit
417 2680 457 2740 ad
473 2697 574 2743 mores
589 2699 639 2742 ars
656 2699 781 2758 quoque
797 2690 902 2742 nostra
919 2697 1003 2741 suos.

236 2762 298 2822 Nec
315 2778 374 2824 nos
392 2763 530 2840 ambitio,
552 2781 609 2826 nec
624 2781 710 2825 amor
723 2781 783 2826 nos
796 2767 892 2840 tangit
905 2762 1053 2832 babendi=

280 2847 459 2923 Contempto
475 2849 583 2909 colitur
596 2852 692 2910 lectus
709 2857 739 2910 et
752 2849 860 2910 umbra
873 2850 950 2909 loro.

238 2927 302 2988 Sed
316 2930 405 2989 tacite
418 2931 595 3007 haeremus,
618 2935 785 3010 validoque
800 2927 1084 3008 perurimuraestu,

278 3011 316 3071 Et
330 3013 455 3074 nimium
470 3023 552 3075 certa
568 3016 682 3077 scimus
697 3032 800 3076 amare
813 3017 884 3076 fide.
1001 3017 1009 3024 “

173 3104 224 3158 555
236 3095 358 3156 Scilicet
370 3097 525 3170 ingenium
536 3101 657 3174 placida
671 3101 823 3160 mollimur
836 3100 874 3159 ab
890 3105 964 3172 crte,

198 3231 200 3234 .
277 3179 316 3240 m
330 3180 430 3241 studio
445 3197 547 3242 mores
564 3184 781 3244 convenienter
794 3191 875 3244 cunt.

236 3264 366 3324 Vatibus
381 3265 489 3326 Aoniis
505 3267 610 3328 laciles
625 3273 737 3342 estote,
761 3267 896 3342 puellae:

277 3348 394 3408 Numen
409 3347 489 3409 inest
502 3352 575 3425 illis,
598 3351 796 3424 Pieridesque
811 3352 924 3410 lavent.

236 3429 292 3489 Est
306 3431 383 3490 deus
397 3433 428 3490 in
443 3434 547 3507 nobis,
570 3441 600 3493 ot
613 3440 684 3493 sunt
698 3435 881 3494 commercia
896 3431 987 3492 eaeli=

112 3551 124 3576 .
175 3515 227 3568 555
279 3510 410 3573 Sedibus
425 3515 567 3576 aetheriis
583 3515 708 3592 spiritua
723 3517 774 3580 itte
789 3517 880 3577 venit.
