<?xml version="1.0" encoding="UTF-8"?>
<!DOCTYPE html PUBLIC "-//W3C//DTD XHTML 1.0 Transitional//EN"
    "http://www.w3.org/TR/xhtml1/DTD/xhtml1-transitional.dtd">
<html xmlns="http://www.w3.org/1999/xhtml" xml:lang="en" lang="en">
 <head>
  <title>
</title>
<meta http-equiv="Content-Type" content="text/html;charset=utf-8" />
  <meta name='ocr-system' content='tesseract 3.04.00' />
  <meta name='ocr-capabilities' content='ocr_page ocr_carea ocr_par ocr_line ocrx_word'/>
</head>
<body>
  <div class='ocr_page' id='page_1' title='image "./povidiusnaso02merkgoog_0193.png"; bbox 0 0 2498 4008; ppageno 0'>
   <div class='ocr_carea' id='block_1_1' title="bbox 218 539 1056 790">
    <p class='ocr_par' dir='ltr' id='par_1_1' title="bbox 218 539 1056 790">
     <span class='ocr_line' id='line_1_1' title="bbox 218 539 1018 658; baseline 0 -24"><span class='ocrx_word' id='word_1_1' title='bbox 218 653 222 658; x_wconf 17' lang='lat'>¹</span> <span class='ocrx_word' id='word_1_2' title='bbox 261 540 380 636; x_wconf 89' lang='lat' dir='ltr'>tllltl</span> <span class='ocrx_word' id='word_1_3' title='bbox 406 539 579 634; x_wconf 81' lang='lat' dir='ltr'>llttllt</span> <span class='ocrx_word' id='word_1_4' title='bbox 606 539 733 633; x_wconf 80' lang='lat' dir='ltr'>nulls</span> <span class='ocrx_word' id='word_1_5' title='bbox 759 540 1018 636; x_wconf 84' lang='lat' dir='ltr'>llltltltlll</span> 
     </span>
     <span class='ocr_line' id='line_1_2' title="bbox 462 710 1056 790; baseline 0.007 -3"><span class='ocrx_word' id='word_1_6' title='bbox 462 723 816 790; x_wconf 78' lang='lat' dir='ltr'>iteraremus.</span> <span class='ocrx_word' id='word_1_7' title='bbox 1047 710 1056 724; x_wconf 38' lang='lat' dir='ltr'><em>s</em></span> 
     </span>
    </p>
   </div>
   <div class='ocr_carea' id='block_1_2' title="bbox 163 1019 1080 3550">
    <p class='ocr_par' dir='ltr' id='par_1_2' title="bbox 163 1019 1080 3550">
     <span class='ocr_line' id='line_1_3' title="bbox 213 1019 1005 1134; baseline 0.005 -20"><span class='ocrx_word' id='word_1_8' title='bbox 213 1019 321 1133; x_wconf 73' lang='lat' dir='ltr'>Siquis</span> <span class='ocrx_word' id='word_1_9' title='bbox 337 1058 367 1118; x_wconf 94' lang='lat' dir='ltr'>in</span> <span class='ocrx_word' id='word_1_10' title='bbox 382 1057 442 1118; x_wconf 88' lang='lat' dir='ltr'>hoc</span> <span class='ocrx_word' id='word_1_11' title='bbox 458 1065 552 1118; x_wconf 86' lang='lat' dir='ltr'>artem</span> <span class='ocrx_word' id='word_1_12' title='bbox 568 1059 683 1132; x_wconf 86' lang='lat' dir='ltr'>populo</span> <span class='ocrx_word' id='word_1_13' title='bbox 699 1073 761 1116; x_wconf 89' lang='lat' dir='ltr'>non</span> <span class='ocrx_word' id='word_1_14' title='bbox 777 1058 861 1116; x_wconf 86' lang='lat' dir='ltr'>novit</span> <span class='ocrx_word' id='word_1_15' title='bbox 875 1059 1005 1134; x_wconf 86' lang='lat' dir='ltr'>amandi,</span> 
     </span>
     <span class='ocr_line' id='line_1_4' title="bbox 255 1139 932 1216; baseline -0.001 -15"><span class='ocrx_word' id='word_1_16' title='bbox 255 1144 321 1203; x_wconf 89' lang='lat' dir='ltr'>Hoc</span> <span class='ocrx_word' id='word_1_17' title='bbox 336 1143 417 1216; x_wconf 84' lang='lat' dir='ltr'>legat</span> <span class='ocrx_word' id='word_1_18' title='bbox 432 1148 461 1200; x_wconf 91' lang='lat' dir='ltr'>et</span> <span class='ocrx_word' id='word_1_19' title='bbox 475 1143 553 1201; x_wconf 84' lang='lat' dir='ltr'>lecto</span> <span class='ocrx_word' id='word_1_20' title='bbox 570 1141 702 1200; x_wconf 79' lang='lat' dir='ltr'>carmine</span> <span class='ocrx_word' id='word_1_21' title='bbox 717 1139 826 1200; x_wconf 88' lang='lat' dir='ltr'>doetus</span> <span class='ocrx_word' id='word_1_22' title='bbox 843 1146 932 1200; x_wconf 89' lang='lat' dir='ltr'>amet.</span> 
     </span>
     <span class='ocr_line' id='line_1_5' title="bbox 212 1227 974 1298; baseline -0.009 -12"><span class='ocrx_word' id='word_1_23' title='bbox 212 1229 287 1286; x_wconf 83' lang='lat' dir='ltr'>Arte</span> <span class='ocrx_word' id='word_1_24' title='bbox 303 1227 381 1285; x_wconf 88' lang='lat' dir='ltr'>citae</span> <span class='ocrx_word' id='word_1_25' title='bbox 394 1227 527 1298; x_wconf 88' lang='lat' dir='ltr'>veloque</span> <span class='ocrx_word' id='word_1_26' title='bbox 541 1231 623 1284; x_wconf 89' lang='lat' dir='ltr'>rates</span> <span class='ocrx_word' id='word_1_27' title='bbox 637 1239 786 1298; x_wconf 87' lang='lat' dir='ltr'>remaque</span> <span class='ocrx_word' id='word_1_28' title='bbox 800 1232 974 1284; x_wconf 70' lang='lat' dir='ltr'>mouentum</span> 
     </span>
     <span class='ocr_line' id='line_1_6' title="bbox 207 1308 921 1387; baseline -0.003 -19"><span class='ocrx_word' id='word_1_29' title='bbox 207 1384 209 1387; x_wconf 15' lang='grc' dir='ltr'>Ι</span> <span class='ocrx_word' id='word_1_30' title='bbox 254 1311 328 1369; x_wconf 89' lang='lat' dir='ltr'>Arte</span> <span class='ocrx_word' id='word_1_31' title='bbox 342 1311 427 1368; x_wconf 89' lang='lat' dir='ltr'>leves</span> <span class='ocrx_word' id='word_1_32' title='bbox 441 1323 557 1367; x_wconf 86' lang='lat' dir='ltr'>currus.</span> <span class='ocrx_word' id='word_1_33' title='bbox 579 1315 643 1368; x_wconf 87' lang='lat' dir='ltr'>arte</span> <span class='ocrx_word' id='word_1_34' title='bbox 657 1308 811 1380; x_wconf 83' lang='lat' dir='ltr'>regendus</span> <span class='ocrx_word' id='word_1_35' title='bbox 827 1323 921 1367; x_wconf 85' lang='lat' dir='ltr'>amor.</span> 
     </span>
     <span class='ocr_line' id='line_1_7' title="bbox 184 1390 1080 1466; baseline -0.009 -12"><span class='ocrx_word' id='word_1_36' title='bbox 184 1402 200 1454; x_wconf 84' lang='lat'>5</span> <span class='ocrx_word' id='word_1_37' title='bbox 213 1393 358 1453; x_wconf 86' lang='lat' dir='ltr'>Curribus</span> <span class='ocrx_word' id='word_1_38' title='bbox 372 1391 567 1451; x_wconf 83' lang='lat' dir='ltr'>Automedon</span> <span class='ocrx_word' id='word_1_39' title='bbox 583 1390 734 1465; x_wconf 91' lang='lat' dir='ltr'>lentisque</span> <span class='ocrx_word' id='word_1_40' title='bbox 751 1397 815 1451; x_wconf 88' lang='lat' dir='ltr'>erat</span> <span class='ocrx_word' id='word_1_41' title='bbox 829 1399 918 1466; x_wconf 89' lang='lat' dir='ltr'>aptus</span> <span class='ocrx_word' id='word_1_42' title='bbox 932 1390 1080 1452; x_wconf 78' lang='lat' dir='ltr'>habenis=</span> 
     </span>
     <span class='ocr_line' id='line_1_8' title="bbox 238 1474 975 1551; baseline -0.008 -16"><span class='ocrx_word' id='word_1_43' title='bbox 238 1475 370 1551; x_wconf 70' lang='lat' dir='ltr'>¹Tiphys</span> <span class='ocrx_word' id='word_1_44' title='bbox 386 1475 416 1532; x_wconf 93' lang='lat' dir='ltr'>in</span> <span class='ocrx_word' id='word_1_45' title='bbox 431 1474 601 1534; x_wconf 86' lang='lat' dir='ltr'>Haemonia</span> <span class='ocrx_word' id='word_1_46' title='bbox 615 1489 720 1549; x_wconf 84' lang='lat' dir='ltr'>puppe</span> <span class='ocrx_word' id='word_1_47' title='bbox 737 1475 883 1547; x_wconf 85' lang='lat' dir='ltr'>magister</span> <span class='ocrx_word' id='word_1_48' title='bbox 897 1485 975 1535; x_wconf 76' lang='lat' dir='ltr'>erat:</span> 
     </span>
     <span class='ocr_line' id='line_1_9' title="bbox 211 1556 949 1632; baseline -0.003 -14"><span class='ocrx_word' id='word_1_49' title='bbox 211 1559 260 1618; x_wconf 91' lang='lat' dir='ltr'>Me</span> <span class='ocrx_word' id='word_1_50' title='bbox 275 1560 380 1618; x_wconf 91' lang='lat' dir='ltr'>Venus</span> <span class='ocrx_word' id='word_1_51' title='bbox 396 1556 541 1618; x_wconf 85' lang='lat' dir='ltr'>artificem</span> <span class='ocrx_word' id='word_1_52' title='bbox 556 1564 661 1616; x_wconf 88' lang='lat' dir='ltr'>tenero</span> <span class='ocrx_word' id='word_1_53' title='bbox 677 1557 823 1632; x_wconf 83' lang='lat' dir='ltr'>praefecit</span> <span class='ocrx_word' id='word_1_54' title='bbox 834 1557 949 1618; x_wconf 87' lang='lat' dir='ltr'>Amori.</span> 
     </span>
     <span class='ocr_line' id='line_1_10' title="bbox 253 1640 942 1724; baseline -0.001 -25"><span class='ocrx_word' id='word_1_55' title='bbox 253 1642 371 1724; x_wconf 79' lang='lat' dir='ltr'>Tiphys</span> <span class='ocrx_word' id='word_1_56' title='bbox 385 1648 415 1700; x_wconf 92' lang='lat' dir='ltr'>et</span> <span class='ocrx_word' id='word_1_57' title='bbox 429 1640 623 1700; x_wconf 82' lang='lat' dir='ltr'>Automedon</span> <span class='ocrx_word' id='word_1_58' title='bbox 638 1641 723 1699; x_wconf 84' lang='lat' dir='ltr'>dicar</span> <span class='ocrx_word' id='word_1_59' title='bbox 736 1641 860 1700; x_wconf 89' lang='lat' dir='ltr'>Amoris</span> <span class='ocrx_word' id='word_1_60' title='bbox 875 1655 942 1715; x_wconf 81' lang='lat' dir='ltr'>ege.</span> 
     </span>
     <span class='ocr_line' id='line_1_11' title="bbox 210 1724 1055 1799; baseline -0.002 -18"><span class='ocrx_word' id='word_1_61' title='bbox 210 1725 264 1784; x_wconf 88' lang='lat' dir='ltr'>ille</span> <span class='ocrx_word' id='word_1_62' title='bbox 280 1725 403 1799; x_wconf 87' lang='lat' dir='ltr'>quidem</span> <span class='ocrx_word' id='word_1_63' title='bbox 419 1725 503 1784; x_wconf 86' lang='lat' dir='ltr'>ierus</span> <span class='ocrx_word' id='word_1_64' title='bbox 518 1730 609 1784; x_wconf 88' lang='lat' dir='ltr'>estet</span> <span class='ocrx_word' id='word_1_65' title='bbox 624 1724 675 1799; x_wconf 90' lang='lat' dir='ltr'>qui</span> <span class='ocrx_word' id='word_1_66' title='bbox 690 1724 762 1783; x_wconf 92' lang='lat' dir='ltr'>mihi</span> <span class='ocrx_word' id='word_1_67' title='bbox 778 1739 873 1798; x_wconf 82' lang='lat' dir='ltr'>saepe</span> <span class='ocrx_word' id='word_1_68' title='bbox 887 1732 1055 1798; x_wconf 74' lang='lat' dir='ltr'>repugnet:</span> 
     </span>
     <span class='ocr_line' id='line_1_12' title="bbox 173 1807 980 1886; baseline -0.007 -16"><span class='ocrx_word' id='word_1_69' title='bbox 173 1819 203 1870; x_wconf 86' lang='grc' dir='ltr'>ιο</span> <span class='ocrx_word' id='word_1_70' title='bbox 257 1807 319 1868; x_wconf 89' lang='lat' dir='ltr'>Sed</span> <span class='ocrx_word' id='word_1_71' title='bbox 335 1823 411 1886; x_wconf 90' lang='lat' dir='ltr'>puer</span> <span class='ocrx_word' id='word_1_72' title='bbox 425 1815 486 1882; x_wconf 89' lang='lat' dir='ltr'>est,</span> <span class='ocrx_word' id='word_1_73' title='bbox 510 1814 594 1866; x_wconf 89' lang='lat' dir='ltr'>aetas</span> <span class='ocrx_word' id='word_1_74' title='bbox 608 1807 708 1866; x_wconf 86' lang='lat' dir='ltr'>mollis</span> <span class='ocrx_word' id='word_1_75' title='bbox 724 1814 753 1866; x_wconf 92' lang='lat' dir='ltr'>et</span> <span class='ocrx_word' id='word_1_76' title='bbox 766 1815 837 1882; x_wconf 88' lang='lat' dir='ltr'>apta</span> <span class='ocrx_word' id='word_1_77' title='bbox 850 1807 925 1880; x_wconf 81' lang='lat' dir='ltr'>regi.</span> <span class='ocrx_word' id='word_1_78' title='bbox 977 1823 980 1832; x_wconf 71' lang='lat'><strong><em>¹</em></strong></span> 
     </span>
     <span class='ocr_line' id='line_1_13' title="bbox 210 1889 982 1967; baseline -0.003 -17"><span class='ocrx_word' id='word_1_79' title='bbox 210 1891 393 1967; x_wconf 82' lang='lat' dir='ltr'>Phillyrides</span> <span class='ocrx_word' id='word_1_80' title='bbox 409 1907 538 1965; x_wconf 90' lang='lat' dir='ltr'>puemm</span> <span class='ocrx_word' id='word_1_81' title='bbox 556 1889 670 1950; x_wconf 86' lang='lat' dir='ltr'>eithara</span> <span class='ocrx_word' id='word_1_82' title='bbox 684 1892 812 1964; x_wconf 79' lang='lat' dir='ltr'>perfecit</span> <span class='ocrx_word' id='word_1_83' title='bbox 824 1889 982 1962; x_wconf 83' lang='lat' dir='ltr'>Achillem,</span> 
     </span>
     <span class='ocr_line' id='line_1_14' title="bbox 252 1973 960 2050; baseline 0 -18"><span class='ocrx_word' id='word_1_84' title='bbox 252 1976 354 2050; x_wconf 83' lang='lat' dir='ltr'>Atque</span> <span class='ocrx_word' id='word_1_85' title='bbox 370 1975 488 2034; x_wconf 87' lang='lat' dir='ltr'>animos</span> <span class='ocrx_word' id='word_1_86' title='bbox 502 1974 623 2048; x_wconf 81' lang='lat' dir='ltr'>placida</span> <span class='ocrx_word' id='word_1_87' title='bbox 638 1975 777 2048; x_wconf 81' lang='lat' dir='ltr'>contudit</span> <span class='ocrx_word' id='word_1_88' title='bbox 789 1981 853 2034; x_wconf 90' lang='lat' dir='ltr'>arte</span> <span class='ocrx_word' id='word_1_89' title='bbox 867 1973 960 2033; x_wconf 84' lang='lat' dir='ltr'>leros.</span> 
     </span>
     <span class='ocr_line' id='line_1_15' title="bbox 212 2057 954 2133; baseline -0.004 -15"><span class='ocrx_word' id='word_1_90' title='bbox 212 2059 268 2133; x_wconf 82' lang='lat' dir='ltr'>Qui</span> <span class='ocrx_word' id='word_1_91' title='bbox 283 2059 394 2118; x_wconf 89' lang='lat' dir='ltr'>totiens</span> <span class='ocrx_word' id='word_1_92' title='bbox 410 2058 528 2130; x_wconf 80' lang='lat' dir='ltr'>sociae,</span> <span class='ocrx_word' id='word_1_93' title='bbox 551 2059 663 2117; x_wconf 90' lang='lat' dir='ltr'>totiens</span> <span class='ocrx_word' id='word_1_94' title='bbox 679 2058 823 2117; x_wconf 87' lang='lat' dir='ltr'>exterruit</span> <span class='ocrx_word' id='word_1_95' title='bbox 837 2057 954 2128; x_wconf 88' lang='lat' dir='ltr'>hostes,</span> 
     </span>
     <span class='ocr_line' id='line_1_16' title="bbox 187 2136 891 2215; baseline -0.003 -12.787"><span class='ocrx_word' id='word_1_96' title='bbox 187 2136 390 2202; x_wconf 82' lang='lat' dir='ltr'>Creditur</span> <span class='ocrx_word' id='word_1_97' title='bbox 403 2157 552 2202; x_wconf 85' lang='lat' dir='ltr'>annosum</span> <span class='ocrx_word' id='word_1_98' title='bbox 567 2141 762 2215; x_wconf 89' lang='lat' dir='ltr'>pertimuisse</span> <span class='ocrx_word' id='word_1_99' title='bbox 777 2155 891 2202; x_wconf 88' lang='lat' dir='ltr'>senem.</span> 
     </span>
     <span class='ocr_line' id='line_1_17' title="bbox 168 2224 1011 2304; baseline -0.009 -16"><span class='ocrx_word' id='word_1_100' title='bbox 168 2237 200 2288; x_wconf 88' lang='lat'>15</span> <span class='ocrx_word' id='word_1_101' title='bbox 197 2226 445 2304; x_wconf 36' lang='lat' dir='ltr'>&amp;jectar-⁸</span> <span class='ocrx_word' id='word_1_102' title='bbox 439 2241 611 2302; x_wconf 59' lang='lat' dir='ltr'>sensurus</span> <span class='ocrx_word' id='word_1_103' title='bbox 603 2232 679 2299; x_wconf 84' lang='lat' dir='ltr'>erat,</span> <span class='ocrx_word' id='word_1_104' title='bbox 683 2231 851 2301; x_wconf 83' lang='lat' dir='ltr'>ppseente</span> <span class='ocrx_word' id='word_1_105' title='bbox 865 2224 1011 2300; x_wconf 81' lang='lat' dir='ltr'>magistro</span> 
     </span>
     <span class='ocr_line' id='line_1_18' title="bbox 253 2271 906 2396; baseline -0.003 -28"><span class='ocrx_word' id='word_1_106' title='bbox 253 2308 461 2386; x_wconf 85' lang='lat' dir='ltr'>Verberibus</span> <span class='ocrx_word' id='word_1_107' title='bbox 453 2325 556 2369; x_wconf 88' lang='lat' dir='ltr'>russas</span> <span class='ocrx_word' id='word_1_108' title='bbox 572 2271 748 2396; x_wconf 40' lang='lat' dir='ltr'>thebid..</span> <span class='ocrx_word' id='word_1_109' title='bbox 724 2310 775 2368; x_wconf 91' lang='lat' dir='ltr'>ille</span> <span class='ocrx_word' id='word_1_110' title='bbox 789 2323 906 2396; x_wconf 86' lang='lat' dir='ltr'>manus</span> 
     </span>
     <span class='ocr_line' id='line_1_19' title="bbox 208 2379 1012 2467; baseline -0.006 -12.955"><span class='ocrx_word' id='word_1_111' title='bbox 208 2393 366 2454; x_wconf 83' lang='lat' dir='ltr'>Aeacidae</span> <span class='ocrx_word' id='word_1_112' title='bbox 382 2388 509 2466; x_wconf 86' lang='lat' dir='ltr'>Chiron,</span> <span class='ocrx_word' id='word_1_113' title='bbox 529 2407 587 2467; x_wconf 81' lang='lat' dir='ltr'>ego</span> <span class='ocrx_word' id='word_1_114' title='bbox 602 2408 669 2452; x_wconf 88' lang='lat' dir='ltr'>snm</span> <span class='ocrx_word' id='word_1_115' title='bbox 682 2379 865 2466; x_wconf 75' lang='lat' dir='ltr'>praeceptor</span> <span class='ocrx_word' id='word_1_116' title='bbox 878 2391 1012 2450; x_wconf 89' lang='lat' dir='ltr'>Amoris</span> 
     </span>
     <span class='ocr_line' id='line_1_20' title="bbox 252 2475 949 2552; baseline -0.004 -16"><span class='ocrx_word' id='word_1_117' title='bbox 252 2476 371 2536; x_wconf 90' lang='lat' dir='ltr'>Saevus</span> <span class='ocrx_word' id='word_1_118' title='bbox 386 2482 514 2552; x_wconf 89' lang='lat' dir='ltr'>uterque</span> <span class='ocrx_word' id='word_1_119' title='bbox 528 2491 613 2550; x_wconf 92' lang='lat' dir='ltr'>puer.</span> <span class='ocrx_word' id='word_1_120' title='bbox 635 2483 724 2535; x_wconf 91' lang='lat' dir='ltr'>natus</span> <span class='ocrx_word' id='word_1_121' title='bbox 739 2482 867 2550; x_wconf 87' lang='lat' dir='ltr'>uterque</span> <span class='ocrx_word' id='word_1_122' title='bbox 882 2475 949 2533; x_wconf 88' lang='lat' dir='ltr'>dea</span> 
     </span>
     <span class='ocr_line' id='line_1_21' title="bbox 209 2559 933 2631; baseline -0.004 -11"><span class='ocrx_word' id='word_1_123' title='bbox 209 2560 272 2620; x_wconf 91' lang='lat' dir='ltr'>Sed</span> <span class='ocrx_word' id='word_1_124' title='bbox 290 2567 390 2619; x_wconf 88' lang='lat' dir='ltr'>tamen</span> <span class='ocrx_word' id='word_1_125' title='bbox 408 2565 438 2620; x_wconf 87' lang='lat' dir='ltr'>et</span> <span class='ocrx_word' id='word_1_126' title='bbox 452 2561 530 2619; x_wconf 91' lang='lat' dir='ltr'>tauri</span> <span class='ocrx_word' id='word_1_127' title='bbox 546 2559 650 2619; x_wconf 89' lang='lat' dir='ltr'>cervix</span> <span class='ocrx_word' id='word_1_128' title='bbox 666 2566 810 2620; x_wconf 83' lang='lat' dir='ltr'>oneratur</span> <span class='ocrx_word' id='word_1_129' title='bbox 823 2563 933 2631; x_wconf 85' lang='lat' dir='ltr'>aratro,</span> 
     </span>
     <span class='ocr_line' id='line_1_22' title="bbox 165 2641 959 2718; baseline -0.008 -13"><span class='ocrx_word' id='word_1_130' title='bbox 165 2654 200 2705; x_wconf 72' lang='grc' dir='ltr'><strong>ιο</strong></span> <span class='ocrx_word' id='word_1_131' title='bbox 253 2643 413 2717; x_wconf 83' lang='lat' dir='ltr'>Frenaque</span> <span class='ocrx_word' id='word_1_132' title='bbox 426 2643 609 2718; x_wconf 84' lang='lat' dir='ltr'>magnanimi</span> <span class='ocrx_word' id='word_1_133' title='bbox 624 2644 715 2702; x_wconf 91' lang='lat' dir='ltr'>dente</span> <span class='ocrx_word' id='word_1_134' title='bbox 729 2649 864 2702; x_wconf 89' lang='lat' dir='ltr'>teruntur</span> <span class='ocrx_word' id='word_1_135' title='bbox 878 2641 959 2715; x_wconf 89' lang='lat' dir='ltr'>equi.</span> 
     </span>
     <span class='ocr_line' id='line_1_23' title="bbox 207 2726 1041 2801; baseline -0.005 -15"><span class='ocrx_word' id='word_1_136' title='bbox 207 2727 245 2788; x_wconf 89' lang='grc' dir='ltr'>Ει</span> <span class='ocrx_word' id='word_1_137' title='bbox 261 2728 332 2786; x_wconf 91' lang='lat' dir='ltr'>mihi</span> <span class='ocrx_word' id='word_1_138' title='bbox 351 2728 431 2787; x_wconf 86' lang='lat' dir='ltr'>aedit</span> <span class='ocrx_word' id='word_1_139' title='bbox 446 2728 549 2787; x_wconf 90' lang='lat' dir='ltr'>Amor.</span> <span class='ocrx_word' id='word_1_140' title='bbox 574 2727 713 2801; x_wconf 89' lang='lat' dir='ltr'>quamvis</span> <span class='ocrx_word' id='word_1_141' title='bbox 730 2741 798 2786; x_wconf 88' lang='lat' dir='ltr'>mea</span> <span class='ocrx_word' id='word_1_142' title='bbox 814 2726 953 2784; x_wconf 88' lang='lat' dir='ltr'>vulneret</span> <span class='ocrx_word' id='word_1_143' title='bbox 967 2737 1041 2782; x_wconf 85' lang='lat' dir='ltr'>areu</span> 
     </span>
     <span class='ocr_line' id='line_1_24' title="bbox 249 2810 1010 2885; baseline 0 -17"><span class='ocrx_word' id='word_1_144' title='bbox 249 2811 321 2870; x_wconf 87' lang='lat' dir='ltr'>Peet</span> <span class='ocrx_word' id='word_1_145' title='bbox 310 2818 391 2884; x_wconf 90' lang='lat' dir='ltr'>tora,</span> <span class='ocrx_word' id='word_1_146' title='bbox 414 2812 540 2870; x_wconf 80' lang='lat' dir='ltr'>iactatas</span> <span class='ocrx_word' id='word_1_147' title='bbox 558 2811 752 2885; x_wconf 78' lang='lat' dir='ltr'>excutiatque</span> <span class='ocrx_word' id='word_1_148' title='bbox 766 2810 861 2869; x_wconf 84' lang='lat' dir='ltr'>taces</span> <span class='ocrx_word' id='word_1_149' title='bbox 1007 2821 1010 2828; x_wconf 89' lang='lat'>·</span> 
     </span>
     <span class='ocr_line' id='line_1_25' title="bbox 209 2892 973 2968; baseline -0.004 -15"><span class='ocrx_word' id='word_1_150' title='bbox 209 2895 273 2967; x_wconf 82' lang='lat' dir='ltr'>Quo</span> <span class='ocrx_word' id='word_1_151' title='bbox 289 2911 337 2954; x_wconf 91' lang='lat' dir='ltr'>me</span> <span class='ocrx_word' id='word_1_152' title='bbox 352 2895 418 2953; x_wconf 86' lang='lat' dir='ltr'>fixit</span> <span class='ocrx_word' id='word_1_153' title='bbox 431 2897 541 2967; x_wconf 85' lang='lat' dir='ltr'>Amor,</span> <span class='ocrx_word' id='word_1_154' title='bbox 565 2909 626 2968; x_wconf 89' lang='lat' dir='ltr'>quo</span> <span class='ocrx_word' id='word_1_155' title='bbox 642 2909 690 2953; x_wconf 92' lang='lat' dir='ltr'>me</span> <span class='ocrx_word' id='word_1_156' title='bbox 706 2893 871 2954; x_wconf 87' lang='lat' dir='ltr'>violentius</span> <span class='ocrx_word' id='word_1_157' title='bbox 887 2892 973 2964; x_wconf 88' lang='lat' dir='ltr'>ussit,</span> 
     </span>
     <span class='ocr_line' id='line_1_26' title="bbox 249 2977 846 3038; baseline -0.007 -2"><span class='ocrx_word' id='word_1_158' title='bbox 249 2978 316 3037; x_wconf 86' lang='lat' dir='ltr'>Hae</span> <span class='ocrx_word' id='word_1_159' title='bbox 330 2977 438 3038; x_wconf 88' lang='lat' dir='ltr'>melior</span> <span class='ocrx_word' id='word_1_160' title='bbox 452 2979 522 3037; x_wconf 86' lang='lat' dir='ltr'>laeti</span> <span class='ocrx_word' id='word_1_161' title='bbox 537 2977 671 3036; x_wconf 89' lang='lat' dir='ltr'>vulneris</span> <span class='ocrx_word' id='word_1_162' title='bbox 689 2979 768 3036; x_wconf 89' lang='lat' dir='ltr'>ultor</span> <span class='ocrx_word' id='word_1_163' title='bbox 782 2990 846 3036; x_wconf 88' lang='lat' dir='ltr'>ero.</span> 
     </span>
     <span class='ocr_line' id='line_1_27' title="bbox 164 3058 1052 3135; baseline -0.01 -13"><span class='ocrx_word' id='word_1_164' title='bbox 164 3071 198 3122; x_wconf 71' lang='grc' dir='ltr'>ιιι</span> <span class='ocrx_word' id='word_1_165' title='bbox 210 3061 276 3119; x_wconf 88' lang='grc' dir='ltr'><strong>Νοιι</strong></span> <span class='ocrx_word' id='word_1_166' title='bbox 292 3077 366 3135; x_wconf 82' lang='lat' dir='ltr'>ego,</span> <span class='ocrx_word' id='word_1_167' title='bbox 385 3060 524 3133; x_wconf 88' lang='lat' dir='ltr'>Phoebe,</span> <span class='ocrx_word' id='word_1_168' title='bbox 547 3060 633 3120; x_wconf 91' lang='lat' dir='ltr'>datas</span> <span class='ocrx_word' id='word_1_169' title='bbox 649 3067 711 3120; x_wconf 84' lang='lat' dir='ltr'>ate</span> <span class='ocrx_word' id='word_1_170' title='bbox 727 3059 801 3118; x_wconf 90' lang='lat' dir='ltr'>mihi</span> <span class='ocrx_word' id='word_1_171' title='bbox 815 3058 942 3119; x_wconf 85' lang='lat' dir='ltr'>mentiar</span> <span class='ocrx_word' id='word_1_172' title='bbox 956 3062 1052 3129; x_wconf 79' lang='lat' dir='ltr'>artes,</span> 
     </span>
     <span class='ocr_line' id='line_1_28' title="bbox 249 3143 856 3215; baseline 0 -13"><span class='ocrx_word' id='word_1_173' title='bbox 249 3145 312 3203; x_wconf 85' lang='lat' dir='ltr'>Nea</span> <span class='ocrx_word' id='word_1_174' title='bbox 326 3160 384 3202; x_wconf 86' lang='lat' dir='ltr'>nos</span> <span class='ocrx_word' id='word_1_175' title='bbox 400 3145 501 3202; x_wconf 78' lang='lat' dir='ltr'>aeriae</span> <span class='ocrx_word' id='word_1_176' title='bbox 514 3159 593 3209; x_wconf 82' lang='lat' dir='ltr'>voce</span> <span class='ocrx_word' id='word_1_177' title='bbox 607 3159 765 3204; x_wconf 91' lang='lat' dir='ltr'>monemur</span> <span class='ocrx_word' id='word_1_178' title='bbox 779 3143 856 3215; x_wconf 77' lang='lat' dir='ltr'>aviS,</span> 
     </span>
     <span class='ocr_line' id='line_1_29' title="bbox 207 3227 921 3301; baseline -0.007 -15"><span class='ocrx_word' id='word_1_179' title='bbox 207 3228 269 3286; x_wconf 90' lang='lat' dir='ltr'>Nee</span> <span class='ocrx_word' id='word_1_180' title='bbox 284 3228 355 3285; x_wconf 90' lang='lat' dir='ltr'>mihi</span> <span class='ocrx_word' id='word_1_181' title='bbox 371 3233 442 3286; x_wconf 86' lang='lat' dir='ltr'>sunt</span> <span class='ocrx_word' id='word_1_182' title='bbox 456 3228 542 3286; x_wconf 88' lang='lat' dir='ltr'>visae</span> <span class='ocrx_word' id='word_1_183' title='bbox 557 3227 620 3286; x_wconf 82' lang='lat' dir='ltr'>Clio</span> <span class='ocrx_word' id='word_1_184' title='bbox 637 3228 781 3301; x_wconf 84' lang='lat' dir='ltr'>Cliusque</span> <span class='ocrx_word' id='word_1_185' title='bbox 797 3239 921 3284; x_wconf 88' lang='lat' dir='ltr'>sorores</span> 
     </span>
     <span class='ocr_line' id='line_1_30' title="bbox 250 3307 932 3385; baseline -0.01 -15"><span class='ocrx_word' id='word_1_186' title='bbox 250 3311 391 3370; x_wconf 90' lang='lat' dir='ltr'>Servanti</span> <span class='ocrx_word' id='word_1_187' title='bbox 406 3311 543 3385; x_wconf 85' lang='lat' dir='ltr'>pecudes</span> <span class='ocrx_word' id='word_1_188' title='bbox 558 3310 704 3382; x_wconf 89' lang='lat' dir='ltr'>vallibus,</span> <span class='ocrx_word' id='word_1_189' title='bbox 725 3307 932 3380; x_wconf 71' lang='lat' dir='ltr'>Asara„tuis.</span> 
     </span>
     <span class='ocr_line' id='line_1_31' title="bbox 206 3390 918 3467; baseline -0.01 -15"><span class='ocrx_word' id='word_1_190' title='bbox 206 3394 289 3452; x_wconf 89' lang='lat' dir='ltr'>Usus</span> <span class='ocrx_word' id='word_1_191' title='bbox 306 3409 384 3467; x_wconf 90' lang='lat' dir='ltr'>opus</span> <span class='ocrx_word' id='word_1_192' title='bbox 399 3400 503 3452; x_wconf 89' lang='lat' dir='ltr'>movet</span> <span class='ocrx_word' id='word_1_193' title='bbox 517 3393 587 3451; x_wconf 89' lang='lat' dir='ltr'>hoe.</span> <span class='ocrx_word' id='word_1_194' title='bbox 608 3393 668 3450; x_wconf 88' lang='lat' dir='ltr'>vati</span> <span class='ocrx_word' id='word_1_195' title='bbox 683 3399 788 3465; x_wconf 89' lang='lat' dir='ltr'>parete</span> <span class='ocrx_word' id='word_1_196' title='bbox 803 3390 918 3465; x_wconf 81' lang='lat' dir='ltr'>perito:</span> 
     </span>
     <span class='ocr_line' id='line_1_32' title="bbox 163 3469 1015 3550; baseline -0.012 -14"><span class='ocrx_word' id='word_1_197' title='bbox 163 3484 199 3536; x_wconf 80' lang='lat'>30</span> <span class='ocrx_word' id='word_1_198' title='bbox 250 3478 335 3544; x_wconf 49' lang='lat' dir='ltr'>,Vera</span> <span class='ocrx_word' id='word_1_199' title='bbox 350 3491 467 3535; x_wconf 80' lang='lat' dir='ltr'>canam.</span> <span class='ocrx_word' id='word_1_200' title='bbox 491 3475 628 3550; x_wconf 85' lang='lat' dir='ltr'>Coeptis,</span> <span class='ocrx_word' id='word_1_201' title='bbox 650 3482 745 3533; x_wconf 86' lang='lat' dir='ltr'>mater</span> <span class='ocrx_word' id='word_1_202' title='bbox 758 3471 897 3545; x_wconf 54' lang='lat' dir='ltr'>Amoris</span> <span class='ocrx_word' id='word_1_203' title='bbox 919 3469 1015 3528; x_wconf 86' lang='lat' dir='ltr'>adest</span> 
     </span>
    </p>
   </div>
   <div class='ocr_carea' id='block_1_3' title="bbox 0 0 1254 4008">
    <p class='ocr_par' dir='ltr' id='par_1_3' title="bbox 0 0 1254 4008">
     <span class='ocr_line' id='line_1_33' title="bbox 0 0 1254 4008; baseline 0 0"><span class='ocrx_word' id='word_1_204' title='bbox 0 0 1254 4008; x_wconf 95' lang='lat' dir='ltr'> </span> 
     </span>
    </p>
   </div>
  </div>
 </body>
</html>
