2498 4008
464 287 520 361 ΙΙΙ,
542 279 604 348 513
618 323 655 332 -
668 286 742 350 588.

170 440 201 500 Α
218 438 317 499 doctis
333 438 464 514 pretium
479 441 581 500 scelus
597 446 644 499 est
660 455 786 513 sperare
801 439 910 514 poetis.

124 587 126 591 ,
213 523 264 583 Μ5
280 524 440 602 miserum!
466 525 568 584 scelus
585 523 644 583 hoe
660 524 743 583 nulia
760 524 862 597 puelia
877 523 970 583 timet.

173 607 370 667 Dissimulate
386 615 500 681 tamen,
524 621 581 665 nee
598 607 694 681 prima
708 608 806 667 100015
821 621 952 682 rapaces

214 690 297 755 Este,
321 705 421 750 nevus
436 689 504 750 viso
521 705 611 749 casse
625 691 748 751 resistet
763 707 880 750 amans.

108 783 160 835 555
172 772 234 834 Sed
250 789 350 849 neque
366 779 472 834 vector
484 789 610 850 equum,
635 775 687 848 qui
702 790 800 850 nuper
816 773 913 834 sensit
923 773 1072 852 habenas,

217 856 416 932 Comparibus
435 858 528 917 irenis
545 858 753 932 artificemque
768 865 861 932 reget,

172 940 234 998 Nea
250 941 366 1000 stabitis
382 941 500 1002 animos
518 943 605 1000 annis
620 942 811 1015 viridemque
826 942 979 1002 iuventam
1084 964 1086 968 ¹

213 1024 253 1082 Ut
268 1025 387 1098 sapiae,
411 1026 491 1084 idem
507 1025 594 1084 limes
610 1027 748 1099 agendus
766 1025 831 1084 erit.
987 1093 991 1100 x

172 1107 227 1164 Hic
242 1108 496 1172 rudis-eteastris
511 1123 591 1166 0505
609 1109 737 1182 primum
752 1116 843 1168 natus
858 1109 992 1183 Amoris
1020 1134 1022 1138 ’

108 1199 161 1252 560
214 1189 270 1261 Qui
284 1191 380 1263 tetigit
392 1190 542 1249 thalamos
558 1192 673 1264 praeda
688 1192 905 1262 novellantes,

170 1273 211 1330 Te
227 1273 325 1332 solam
340 1273 433 1344 norit,
456 1273 509 1332 tibi
526 1289 647 1348 semper
661 1273 816 1332 inhaereat
832 1275 895 1331 tini:

214 1355 368 1430 Cingenda
382 1363 429 1416 est
443 1356 511 1415 altis
527 1356 672 1432 saepibus
687 1358 746 1424 ista
761 1371 861 1431 seges.

170 1436 279 1512 Effuge
294 1439 429 1498 rivalem.
451 1441 573 1514 vinces,
596 1441 667 1500 dum
685 1441 752 1501 sola
765 1440 893 1500 tenebis

211 1522 278 1580 Non
293 1523 372 1581 bene
387 1539 456 1582 eum
471 1524 563 1584 sneiis
578 1539 674 1598 regna
688 1526 858 1599 Venusque
874 1532 1007 1584 manent.

106 1604 222 1668 batille
237 1611 326 1682 vetus
341 1606 428 1664 mites
444 1608 559 1666 sensim
574 1613 603 1666 et
621 1607 775 1682 sapienter
789 1608 910 1680 amabit,

211 1687 366 1762 Multaque
380 1688 469 1748 tirbni
485 1703 547 1749 non
563 1691 707 1764 patienda
717 1692 805 1750 teret.

169 1772 231 1830 Nee
247 1771 364 1845 franget
378 1779 499 1846 postes,
522 1788 578 1830 055
594 1775 696 1833 saevis
712 1775 833 1848 ignibus
848 1781 923 1846 uret,

210 1855 272 1914 Nee
290 1854 433 1915 dominae
447 1862 568 1919 teneras
585 1857 708 1930 adpetet
725 1873 826 1930 ungue
840 1872 947 1932 genas,

169 1938 232 1997 Nee
247 1939 366 1998 scindet
380 1939 540 1999 tunicasve
555 1955 627 1998 suas
643 1939 801 1999 tunicasve
818 1941 946 2014 puellae,

105 2029 157 2084 570
209 2021 271 2080 Nee
285 2029 389 2098 raptus
405 2021 499 2083 flendi
513 2039 608 2083 eausa
624 2024 751 2098 capillus
767 2022 831 2082 erit.

168 2106 230 2164 Ista
246 2105 355 2166 decent
371 2121 483 2180 pueros
498 2115 596 2167 aetate
613 2115 643 2168 et
657 2122 761 2166 amore
777 2109 920 2166 calentes.

209 2189 265 2246 Hie
280 2191 345 2248 iera
360 2193 529 2264 composita
543 2193 668 2250 vulnere
686 2197 785 2250 mente
799 2191 884 2250 ieret.
913 2260 914 2264 Ἰ

167 2271 291 2346 ignibus
304 2271 367 2355 beu
383 2274 472 2333 lentis
491 2282 606 2346 uretur,
629 2281 662 2333 ut
675 2274 778 2333 umida
794 2274 891 2346 faena,

210 2357 248 2416 Ut
262 2356 353 2416 modo
368 2357 520 2420 montanis
536 2358 615 2418 siiva
630 2358 730 2417 recisa
746 2359 833 2431 iugis.

103 2447 154 2502 575
168 2438 283 2498 Certior
295 2440 345 2498 hie
360 2457 446 2500 amor
461 2448 518 2500 est.
540 2441 645 2516 gravis
660 2447 689 2500 et
705 2439 864 2500 secundior
878 2441 938 2498 iiie.

211 2521 293 2594 Quae
309 2524 438 2598 fugiunt,
460 2524 552 2584 551501
568 2525 682 2600 carpite
696 2540 789 2599 poma
804 2539 903 2582 manu.

169 2605 276 2664 Omnia
290 2607 454 2667 tradantur.
478 2615 582 2683 portas
599 2609 805 2667 reseravimus
821 2607 916 2667 hosti:

207 2690 244 2748 Et
260 2691 298 2749 sit
313 2690 343 2749 in
358 2692 452 2750 infida
469 2692 639 2767 proditione
655 2691 742 2750 fides.

168 2773 255 2846 Quod
272 2773 360 2833 datur
375 2791 413 2834 ex
428 2775 524 2850 155111,
546 2777 668 2850 tongum
683 2776 761 2834 maie
777 2773 868 2834 nutrit
883 2785 1034 2832 aanorem=

46 2906 48 2911 .
101 2865 154 2919 580
207 2857 367 2917 Miscenda
382 2866 428 2918 est
443 2859 529 2918 laetis
544 2875 613 2918 0505
627 2859 750 2933 repulsa
768 2859 854 2917 ioris.

165 2941 245 3000 Ante
261 2941 470 3016 immisceat,
494 2942 639 3002 ‘erudelis
655 2943 744 3002 ianua
752 2946 771 2999 t’
795 2942 884 3011 dieat,

207 3024 363 3098 Multaque
379 3027 555 3101 summisse,
578 3027 669 3086 muita
684 3026 831 3085 minanter
846 3029 924 3098 agat.

165 3108 271 3168 1151515
286 3125 346 3168 000
365 3110 497 3173 ierimus.
520 3125 595 3170 suro
609 3125 793 3170 renovemur
808 3124 928 3168 amaru.¹

209 3191 309 3266 Saepe
326 3193 402 3267 perit
416 3194 517 3253 ventis
535 3193 641 3252 0100515
657 3194 766 3253 eumba
781 3193 855 3253 suis,

100 3282 151 3338 585
162 3275 229 3334 Ηο5
245 3283 304 3348 est,
328 3293 442 3337 5000055
459 3276 543 3352 quod
558 3293 618 3337 non
636 3277 764 3352 patiatur
778 3275 888 3336 amaria

208 3359 397 3438 Conveniunt
411 3361 493 3434 ilias,
517 3374 585 3420 eum
599 3363 739 3430 voluere,
760 3358 827 3417 viri.

163 3443 258 3503 Adde
269 3445 381 3517 iorem,
405 3451 434 3504 et
448 3445 524 3504 duro
540 3444 621 3504 dieat
634 3444 687 3504 tibi
703 3442 811 3502 ianitor
826 3455 880 3501 005

158 3596 160 3600 ,
207 3527 286 3587 ‘Non
302 3531 414 3604 pates,
437 3530 595 3588 exclusum
609 3535 639 3588 te
654 3541 778 3602 quoque
793 3529 896 3600 tanget
911 3527 1013 3584 amori

751 3665 761 3700 Ι
