2472 4010
426 307 749 384 1,tt‚1tt-4,63.

200 463 347 522 Versetur
364 459 467 536 digitis
484 464 594 522 anulus
610 477 711 538 usque
730 463 800 522 tuis.

155 545 258 620 Tange
275 561 368 604 manu
383 560 536 619 mensam,
558 551 684 620 tangunt
700 563 762 619 quo
781 562 867 606 more
884 554 1060 624 precantes,

201 628 327 704 Optabis
343 627 450 687 merito
467 645 536 689 cum
554 630 633 688 mala
649 631 742 689 inulta
756 629 833 690 viro.

157 712 246 786 Quod
260 713 314 772 tibi
333 712 502 786 miscuerit,
526 712 646 786 sapias,
671 712 854 787 sicutipse,
875 712 993 774 iubeto=

115 805 149 858 30
199 797 243 856 Tu
260 811 388 871 puerum
404 797 510 856 leviter
526 811 637 871 posce,
660 797 743 870 quod
758 797 828 871 ipsa
844 799 938 857 voles.

158 881 241 954 Quae
254 885 288 940 tu
301 880 490 954 reddideris,
513 896 571 954 ego
588 880 702 954 primus
718 882 830 955 pocula
845 897 976 954 sumam,

66 1029 78 1038 5
198 963 236 1022 Et
252 979 313 1038 qua
327 969 359 1022 tu
374 963 504 1036 biberiS,
526 964 584 1022 hao
600 979 657 1036 ego
675 972 760 1038 parte
774 964 885 1025 bibam.

157 1045 189 1105 Si
206 1045 258 1104 tibi
273 1047 351 1105 sorte
367 1046 465 1112 dabit,
482 1047 566 1119 quod
581 1049 825 1120 praegustaverit
839 1047 923 1121 ipse,

196 1129 290 1190 Reice
304 1128 416 1187 libatos
432 1128 513 1188 illius
528 1144 581 1188 ore
598 1128 695 1188 cibos.

100 1213 219 1274 *asNee
234 1219 352 1287 premat
366 1211 508 1286 inpositis
524 1211 614 1271 sinito
630 1218 682 1274 tua
695 1212 774 1270 oolla
788 1213 924 1285 lacertis,

196 1295 268 1356 Mite
283 1311 340 1354 nec
359 1295 389 1354 in
404 1294 503 1369 rigido
519 1303 644 1370 pectore
659 1310 740 1370 pone
756 1303 862 1370 caput=

158 1380 220 1439 Nec
235 1380 322 1439 sinus
337 1379 474 1438 admittat
489 1379 601 1454 digitos
616 1379 774 1440 habilesve
790 1379 931 1454 papillae.

200 1462 313 1524 Oscula
329 1464 494 1538 praecipue
509 1465 592 1522 nulla
606 1463 731 1522 dedisse
746 1463 834 1523 velis.

158 1547 271 1608 Oscula
285 1547 312 1606 si
328 1547 467 1618 dederis,
491 1547 562 1605 liam
577 1547 756 1606 manifestus
773 1552 904 1618 amator,

115 1639 149 1691 40
200 1630 238 1689 Et
252 1631 351 1690 dicam
367 1633 447 1688 ‘mea
464 1633 556 1704 sunt',
578 1629 761 1706 iniciamque
777 1647 907 1690 manum.

155 1715 238 1773 Haec
253 1720 355 1772 tamen
371 1714 527 1788 aspiciam.
558 1715 613 1774 sed
630 1732 709 1788 quae
723 1715 803 1775 bene
820 1716 912 1790 pallia
927 1718 1039 1789 celant,
1106 1772 1109 1782 .

105 1846 108 1851 .
198 1799 252 1856 Illa
266 1798 339 1856 mihi
356 1797 439 1856 caeci
455 1811 549 1856 causa
563 1798 679 1857 timoris
695 1806 792 1857 erunt.

157 1881 218 1940 Nec
233 1882 341 1942 tumori
357 1882 508 1940 committe
523 1883 635 1955 lemur,
655 1897 712 1940 nec
728 1897 815 1940 crure
830 1881 975 1956 cohaere,

199 1965 261 2026 Neo
275 1974 413 2025 tenerum
428 1965 505 2025 duro
525 1981 594 2026 cum
609 1966 690 2040 pede
704 1965 794 2040 iunge
809 1966 929 2040 pedem.

17 2062 21 2072 “
115 2057 148 2110 45
160 2049 252 2109 Multa
266 2049 360 2108 miser
373 2050 480 2121 timeo,
505 2049 576 2123 quia
589 2049 648 2108 leci
665 2051 759 2109 multa
773 2042 931 2124 proterve,

200 2133 402 2206 Exemplique
416 2139 498 2192 metu
511 2140 658 2207 torqueor
673 2149 746 2192 ecca
761 2133 830 2195 mei.

159 2215 259 2290 Saepe
274 2216 346 2275 mihi
362 2216 564 2290 dominaeque
580 2232 667 2275 meae
682 2224 846 2291 properata
862 2217 1003 2290 voluptas

198 2301 294 2359 Veste
310 2299 367 2360 sub
383 2300 493 2359 iniecta
509 2300 598 2358 dulce
613 2301 731 2374 peregit
746 2315 836 2374 opus.

157 2383 223 2442 Hoo
235 2391 267 2445 tu
283 2399 345 2442 non
360 2385 464 2443 lacios.
493 2383 550 2442 sed
565 2399 604 2442 ne
618 2384 731 2443 iecisse
747 2383 877 2458 puteris,

112 2474 150 2528 50
204 2467 335 2527 Conscia
350 2469 388 2528 de
403 2474 489 2540 tergo
505 2467 599 2540 pallia
613 2468 702 2540 deme
715 2475 778 2528 tuo.

156 2551 212 2609 Vir
225 2550 310 2611 bibat
323 2567 423 2625 usque
438 2566 522 2624 roga
551 2551 694 2625 precibus
709 2557 808 2612 tamen
826 2552 932 2612 oscula
947 2551 1061 2610 desint:

199 2635 339 2708 Dumque
353 2634 442 2704 bibit,
464 2634 580 2708 furtim,
603 2635 629 2693 si
645 2642 749 2708 potes,
772 2636 852 2694 adde
865 2651 991 2696 merum.

79 2765 81 2768 .
158 2716 285 2777 Si‘bena
301 2718 481 2796 conpositus
497 2733 605 2777 somno
620 2719 756 2792 vinoque
768 2717 893 2788 iacebit,

201 2799 368 2861 Consilium
384 2801 474 2862 nobis
488 2817 602 2874 resque
617 2803 766 2875 locusque
783 2800 907 2860 dabunt.
936 2799 938 2803 ”

112 2892 147 2944 55
160 2883 233 2946 Cum
250 2901 359 2959 surges
374 2885 493 2944 abitura
508 2886 646 2956 domum,
670 2901 832 2958 surgemus
846 2892 875 2943 et
890 2901 1012 2960 omnes,

199 2968 232 3026 ln
247 2969 382 3028 medium
396 2969 504 3040 turbae
518 2970 566 3028 lac
580 2984 697 3027 memor
711 2983 819 3042 agmen
836 2984 899 3028 eas.

155 3049 286 3124 Agmine
302 3069 351 3111 me
367 3053 521 3125 invenies,
540 3059 592 3112 aut
606 3052 772 3127 invenieris
786 3053 815 3110 in
830 3051 897 3110 illo:

198 3134 352 3210 Quidquid
367 3137 408 3196 ibi
423 3137 539 3211 poteris
554 3142 692 3210 tangere,
715 3143 806 3210 tange
822 3136 890 3196 mei.

154 3217 205 3277 Me
218 3219 379 3280 miserum!
399 3221 517 3292 monui,
535 3213 649 3294 paucas
666 3219 748 3294 quod
765 3220 863 3294 prosit
876 3219 906 3277 in
921 3219 1023 3278 horas.

106 3307 145 3360 60
201 3300 337 3376 Separor
352 3320 370 3362 a
384 3304 508 3363 domina
521 3310 611 3362 nocte
628 3303 750 3362 iubente
764 3319 842 3360 mea.

152 3383 250 3443 Nocte
265 3385 314 3444 vir
328 3387 470 3447 includet.
501 3387 633 3447 lacrimis
649 3401 706 3460 ego
721 3390 857 3444 maestus
874 3381 990 3442 obortis

198 3467 263 3541 Qua
278 3469 362 3542 licet,
386 3469 426 3528 ad
442 3485 553 3530 saevas
570 3485 740 3544 prosequar
754 3483 854 3540 usque
869 3468 962 3526 tores.

152 3549 267 3611 Oscula
281 3552 341 3612 iam
357 3560 465 3613 sumet.
494 3555 553 3612 iam
570 3569 632 3616 nou
645 3553 759 3610 ta'ntum
774 3551 879 3610 oscula
894 3559 1006 3607 sumet:

1068 290 1164 378 5:
