2488 4006
502 349 507 354 θ
535 267 786 331 nuuoruus.

275 423 314 482 Et
327 421 388 482 nisi
403 419 514 480 duritia
527 419 641 482 robora
654 420 767 495 vincis,
789 421 861 480 eris.

236 505 329 582 Quid,
353 503 380 564 si
394 506 548 579 nescires,
570 505 679 564 insana
694 504 768 578 quid
783 518 920 578 aequora
937 511 1091 578 possuntt

188 636 191 641 ,
277 590 430 664 Expertae
444 588 556 649 totiens
575 602 667 663 quam
681 586 760 648 male
777 586 879 646 credis
894 595 1010 662 aquae!

191 684 226 737 55
236 673 278 735 Ut
293 673 404 748 pelago
420 672 569 732 suadente
586 672 676 731 etiam
694 670 861 753 retinacula
876 671 991 746 solvas,

277 757 372 816 Multa
384 761 486 816 tamen
500 756 580 817 latus
596 755 694 815 tristia
706 762 819 829 pontus
834 753 935 814 habet.

233 841 297 900 Nec
311 840 447 900 violasse
460 839 555 900 fidem
569 837 784 912 temptantibus
800 835 937 914 aequora
951 837 1094 912 prodest:

277 923 428 984 Perfidiae
442 937 561 999 poenas
576 923 670 996 exigit
684 923 734 982 ille
749 922 846 996 loeus,
1060 997 1062 1003 Ι

234 1006 402 1082 Praecipue
416 1021 484 1068 eum
499 1007 603 1068 laesus
618 1021 714 1066 amor.
737 1005 809 1080 quia
824 1011 920 1064 mater
932 1007 1080 1065 Amorum

192 1101 228 1155 60
281 1091 369 1150 Nuda
384 1089 573 1166 Cytheriacis
589 1090 670 1149 edita
685 1090 780 1149 fertur
793 1089 892 1163 aquis.

234 1173 355 1234 Perdita
370 1189 409 1233 ne
424 1173 567 1249 perdam,
590 1173 697 1247 timeo,
718 1187 888 1234 noceamve
901 1170 1033 1246 nocenti,

276 1258 342 1319 Neu
357 1256 441 1318 bibat
454 1273 626 1332 aequoreas
641 1257 808 1332 naufragus
822 1255 922 1316 hostis
937 1271 1046 1330 aquas.

235 1341 331 1416 Vive,
354 1356 474 1418 precor.
498 1341 543 1402 sie
557 1347 587 1400 te
601 1339 727 1415 melius,
748 1356 839 1414 quam
855 1340 959 1400 iuuere
974 1339 1117 1414 perdam.

277 1424 320 1485 Tu
334 1426 435 1501 potius
451 1425 502 1484 leti
518 1439 614 1484 causa
628 1425 727 1484 ferere
741 1423 810 1483 mei.

157 1501 160 1506 ’
192 1518 229 1573 65
239 1508 348 1584 Finge,
370 1523 442 1584 age,
460 1515 490 1568 te
503 1506 645 1583 rapida...
661 1507 775 1568 nullum
791 1507 831 1567 sit
844 1507 874 1566 in
887 1507 987 1568 omine
998 1505 1180 1582 pondust...

277 1592 408 1652 Turbine
423 1591 582 1667 deprendi.
605 1592 680 1667 quid
694 1591 746 1652 tibi
760 1591 870 1652 mentis
885 1591 963 1650 erili

234 1675 375 1736 Protinus
392 1682 552 1736 occurrent
565 1672 663 1736 ialsae
678 1676 811 1751 periuria
826 1675 957 1752 linguae,

275 1758 314 1818 Et
325 1758 460 1836 Phrygia
473 1759 552 1821 Dido
567 1759 675 1819 fraude
690 1765 797 1820 coacta
811 1759 905 1820 mori:

235 1841 380 1917 coniugis
395 1843 588 1903 anteuenias
604 1843 752 1918 deceptae
767 1842 858 1903 stabit
872 1842 973 1917 imago

192 1934 228 1989 70
280 1925 387 1986 Tristis
403 1932 434 1986 et
448 1925 555 1986 eiiusis
571 1928 804 2001 sanguinolenta
818 1927 925 1987 comis.
960 1961 964 1966 -

236 2007 314 2083 Quid
328 2009 401 2070 tanti
416 2017 465 2070 est
478 2015 573 2070 totum
587 2011 683 2070 merui
699 2011 858 2070 concedite
872 2010 958 2070 dicas
1133 2039 1179 2052 -

232 2109 234 2112 ·
278 2092 424 2168 Quaeque
439 2092 563 2169 eadent,
574 2093 617 2162 ‚in
630 2101 660 2154 te
674 2093 800 2154 fulmina
815 2093 911 2154 missa
924 2097 1037 2168 putest

234 2177 282 2236 Ila
294 2175 390 2236 breve
405 2177 552 2238 saevitiae
568 2177 699 2251 spatium
716 2177 879 2252 pelagique
892 2183 1040 2251 tuaeque:

277 2259 399 2320 Grande
413 2276 517 2320 morae
531 2259 661 2338 pretinm
675 2268 740 2322 tuta
753 2261 853 2322 lutura
866 2261 917 2321 via
931 2266 988 2322 est.

191 2349 225 2405 tn
235 2343 299 2403 Nee
313 2343 385 2403 mihi
400 2350 433 2405 tu
447 2359 547 2405 curae.
568 2360 666 2419 puero
680 2351 823 2422 parcatur
836 2346 918 2406 lida:

275 2427 318 2487 Te
332 2427 407 2489 satis
423 2428 600 2490 aetatulam
617 2429 723 2490 mortis
737 2428 960 2489 haberemeae.
1012 2419 1023 2439 '
1095 2443 1099 2450 ¹

235 2508 314 2584 Quid
328 2526 406 2584 puer
418 2511 588 2587 Ascanius,
612 2513 686 2587 quid
700 2513 731 2572 di
744 2529 883 2574 meruere
896 2512 1051 2573 Penatest

275 2593 400 2670 Ignibus
413 2604 537 2671 ereptos
555 2595 663 2656 obruet
675 2596 760 2673 unda
773 2596 872 2657 deust
1060 2595 1176 2672 [ctas.

233 2675 298 2738 Sed
319 2693 422 2755 neque
437 2673 501 2740 iers
517 2687 631 2753 tecum,
654 2695 745 2740 nec...
764 2679 944 2754 quaemihi,
968 2677 1105 2754 perfide,
1129 2678 1177 2737 ia·
1218 2762 1227 2773 .

188 2769 225 2825 80
276 2760 459 2824 Presserunt
473 2777 598 2824 umeros
614 2779 702 2824 sacra
716 2771 865 2840 paterque
879 2771 961 2824 tuos.

233 2843 341 2908 Omnia
353 2847 500 2908 mentiris.
523 2863 581 2908 neo
595 2848 676 2908 enim
688 2853 740 2908 tua
753 2847 859 2907 fallere
873 2847 977 2921 lingua

134 2925 136 2932 “
272 2929 383 3007 incipit
397 2946 416 2991 a
428 2931 534 3003 nobis,
555 2931 714 3006 primaque
729 2931 847 3005 plectar
860 2947 928 3006 ego.

233 3009 267 3072 si
282 3029 428 3090 quaeras,
450 3014 502 3075 ubi
521 3015 561 3076 sit
575 3015 703 3076 formosi
716 3021 813 3076 mater
825 3014 891 3088 luli,

275 3094 392 3158 Occidit
405 3113 424 3157 a
438 3099 513 3158 dura
530 3100 597 3160 sola
610 3099 716 3159 relicta
727 3099 803 3162 viro.

188 3177 319 3244 itallaec
333 3181 406 3241 milri
418 3197 570 3243 narraras.
593 3190 624 3243 at
638 3199 686 3246 me
700 3198 826 3244 movere
840 3185 1018 3241 merentem.

271 3264 334 3326 Ure
348 3264 448 3326 minor
462 3269 552 3342 culpa
567 3283 669 3343 poena
682 3269 782 3329 lutura
797 3283 866 3328 mea
881 3272 937 3326 est.
1129 3294 1179 3308 —-

228 3349 292 3410 Nec
306 3347 379 3409 milri
393 3367 480 3411 mens
495 3351 588 3412 dubia
602 3360 662 3427 est,
679 3353 751 3427 quin
765 3357 795 3412 te
806 3358 859 3411 tua
869 3348 995 3410 numina
1005 3347 1178 3430 damnent-a

271 3432 330 3493 Per
344 3449 442 3506 mare,
464 3449 520 3509 per
532 3441 630 3496 terras
646 3436 775 3509 septima
788 3436 880 3495 iactat
894 3433 1025 3508 hiemps.

229 3513 385 3580 Fluctibus
401 3518 531 3579 eiectum
546 3525 611 3582 tuta
624 3519 755 3613 statione
770 3518 883 3595 recepi,
