2488 4006
320 193 409 290 [xva
433 209 641 274 suppetas
662 209 837 277 27-104.
1028 186 1088 276 ια

199 365 335 440 Quasque
350 366 427 424 male
440 365 551 436 amisit,
574 379 654 424 uuuc
666 357 744 424 male
757 367 874 440 quaerit
885 380 964 440 opes.
1034 401 1046 410 -

84 465 88 469 ·
157 449 207 506 Me
221 463 347 521 auoque,
370 449 451 521 quod
461 451 561 507 moaui
573 447 645 508 berte
659 451 749 507 multo
761 450 902 520 fideliter,
924 449 995 508 odit.

197 531 261 590 Hoc
274 531 346 590 mibi
360 531 496 604 libertas,
517 531 573 590 boc
582 533 638 605 pio
651 533 755 604 liupua
770 533 858 591 dedit.

156 615 196 672 Et
207 620 356 688 tamquam
369 615 465 674 desint
475 630 551 690 quae
564 630 611 674 me
623 617 687 673 siae
697 617 758 686 aue
768 615 907 690 folipeut,

113 704 149 758 70
201 699 376 758 Accumulat
388 714 480 758 curas
490 700 557 769 filia
565 713 667 773 parua
681 713 771 757 moos.

159 781 267 840 Ultima
282 788 312 840 tu
326 783 433 840 uostris
446 781 565 842 accedis
579 797 672 842 caasa
687 784 822 855 querelis.

198 864 263 923 Nom
277 866 378 937 calluc
392 869 474 924 uculo
488 870 589 924 mostra
605 867 713 924 carina
728 881 803 932 sao„

155 947 247 1020 Ecce,
270 951 368 1008 iaceat
380 951 454 1008 collo
470 950 573 1022 sparsi
584 951 647 1007 siue
660 951 725 1021 leae
739 951 853 1022 capilli,

197 1031 259 1090 Nec
270 1034 379 1104 premit
391 1033 533 1090 articulos
546 1032 648 1090 lucida
660 1046 777 1103 aemma
791 1047 877 1090 meos.

112 1121 146 1175 75
165 1114 247 1172 Veste
260 1119 342 1186 tepor
355 1116 414 1172 ulli.
436 1116 550 1172 mullum
564 1119 608 1172 est
620 1117 651 1172 in
665 1114 797 1172 crinibus
811 1130 928 1189 aurum,

196 1197 261 1255 Nou
275 1197 406 1256 Arabum
420 1202 518 1254 moster
533 1211 602 1254 rore
614 1198 742 1270 capillus
756 1199 820 1255 olet.

158 1280 211 1337 Cui
223 1281 307 1338 colar
321 1278 445 1351 tafalia,
468 1285 521 1338 aut
535 1281 585 1338 oui
595 1280 744 1353 placuisse
757 1277 909 1340 laborem?

197 1362 255 1422 Ille
268 1365 326 1421 mei
339 1364 435 1422 cuitus
448 1365 553 1422 amicus
566 1369 670 1422 auctor
682 1363 770 1422 obest.

155 1445 245 1504 Molle
260 1463 354 1506 mcum
368 1446 535 1519 levibusque
549 1461 601 1506 cor
617 1451 660 1506 est
675 1447 809 1506 violabile
826 1449 898 1520 telis,

112 1537 147 1592 80
200 1529 240 1588 El
251 1546 367 1605 semper
379 1545 472 1589 causo
486 1534 542 1601 est,
565 1545 686 1603 cureyo
699 1545 815 1604 semper
829 1545 933 1590 amem.

154 1611 222 1674 Siue
236 1616 277 1671 ita
292 1615 426 1672 aasceati
437 1615 530 1684 lcacm
546 1613 652 1691 diacre
665 1611 798 1686 Sorores,

197 1696 258 1755 Nec
273 1696 345 1755 dola
358 1700 427 1754 suut
440 1697 515 1753 uitae
526 1697 581 1765 fila
594 1711 698 1754 seuera
714 1713 804 1768 meaa,

155 1780 223 1839 Siue
236 1779 345 1838 obruat
356 1778 456 1839 studia
470 1781 502 1836 im
515 1793 611 1836 mores
624 1781 757 1852 artisque
771 1782 915 1852 mouistro

195 1863 353 1934 Iupeuium
367 1863 448 1922 uobis
463 1863 548 1920 molle
566 1860 673 1920 Tbalia
684 1862 770 1932 facit.

112 1953 148 2007 85
160 1945 238 2015 Quid
250 1948 372 2018 mirum,
394 1948 421 2004 si
434 1961 479 2005 me
486 1947 608 2020 primae
621 1946 772 2017 laaupiais
785 1949 868 2005 aetas

197 2029 322 2088 Abstulit
335 2034 423 2102 atoue
436 2030 523 2100 ammi,
544 2044 616 2102 quos
629 2031 675 2088 uir
688 2044 793 2088 artare
804 2023 921 2103 potest?
1062 2098 1066 2100 ,

156 2112 244 2171 Hauc
257 2128 295 2171 ae
302 2128 364 2187 pro
380 2113 509 2192 Cepltalo
522 2128 660 2186 raperes,
679 2112 813 2184 Aurora,
836 2111 979 2171 timebam.

197 2195 238 2254 Et
247 2195 382 2268 faceres,
403 2196 458 2254 sed
470 2201 497 2256 te
507 2198 610 2270 prima
623 2197 734 2270 rapina
749 2201 833 2254 temet.
886 2195 887 2198 ’

156 2278 245 2338 Hauc
258 2281 284 2338 sl
296 2281 472 2354 caupicial,
496 2295 573 2352 puae
586 2281 728 2354 conspicit
739 2281 852 2352 ommia,
873 2277 994 2350 Phoebe,

109 2369 148 2440 oo
199 2362 302 2422 Iussus
315 2365 373 2422 erit
384 2378 502 2422 sommas
514 2365 688 2423 continuare
699 2363 812 2423 Pboou.

153 2445 243 2505 Hunc
264 2446 360 2506 Verius
372 2449 404 2506 im
416 2449 532 2507 caelum
545 2463 639 2506 curru
654 2448 781 2506 uexasset
792 2446 911 2518 eburno,

137 2569 147 2594 .,
197 2528 260 2588 Sed
272 2529 350 2588 uidet
363 2536 392 2589 et
404 2530 500 2588 Marti
506 2545 596 2604 posse
603 2534 729 2605 placere
742 2544 803 2589 suo.

156 2611 247 2671 Once
262 2613 363 2674 adbuc
375 2614 502 2686 iuuenis,
524 2630 579 2672 aec
593 2616 653 2672 iam
665 2629 759 2690 paor,
781 2614 861 2672 utilis
874 2618 965 2683 actos,

200 2695 224 2754 0
238 2695 328 2756 decus
342 2701 430 2770 atque
443 2698 510 2756 aeui
520 2700 619 2770 picria
633 2712 744 2771 mapua
758 2697 809 2767 tui,

109 2783 146 2839 95
156 2777 225 2839 Huc
239 2780 326 2852 ades,
349 2782 437 2854 ioque
450 2783 545 2854 simus,
564 2780 710 2854 formose,
731 2780 865 2842 relabere
878 2787 1007 2838 uostros:
1059 2845 1062 2850 ,

195 2863 261 2922 Noa
275 2868 308 2922 at
321 2879 401 2923 ames
414 2879 481 2937 oro,
501 2881 603 2924 uerum
616 2871 649 2924 ut
662 2879 767 2924 amare
779 2865 870 2923 siuas.
909 2913 912 2925 ,

153 2943 330 3020 Scribimus,
348 2950 524 3008 awlocrimis
539 2950 618 3008 oculi
631 2953 774 3008 rorantur
787 2947 910 3007 obortis:

196 3031 339 3105 Adspice,
362 3047 452 3106 qaam
464 3034 504 3090 sil
516 3035 547 3090 ia
562 3033 617 3093 boc
630 3035 722 3092 multo
735 3033 827 3092 litura
841 3033 912 3091 loco.

152 3110 188 3172 Si
198 3119 257 3172 tam
271 3121 369 3174 catus
382 3131 452 3174 eras
464 3116 534 3176 binc
548 3118 607 3188 ire,
628 3117 785 3176 modestius
797 3117 889 3187 isses,¹

86 3205 141 3258 100
194 3197 236 3256 Et
245 3198 331 3258 modo
345 3199 472 3260 dixisses
486 3199 585 3260 ‘Lesbi
594 3203 711 3274 puella,
733 3201 820 3260 vale-³

150 3279 218 3340 Nou
232 3289 325 3342 tecam
338 3285 495 3360 lacrimas,
517 3299 576 3343 mou
587 3286 690 3344 oscula
703 3291 804 3342 mostra
819 3283 926 3341 tulisti:
1030 3355 1032 3362 Α

193 3364 326 3440 Denique
339 3383 398 3426 mom
412 3368 508 3440 timui,
529 3369 609 3442 quod
621 3368 750 3428 dolitura
761 3365 820 3436 fui.
1098 3442 1100 3446 .

150 3447 204 3507 Nil
217 3449 255 3509 de
268 3457 295 3512 te
308 3466 420 3512 mecum
433 3457 489 3523 est,
511 3453 570 3511 uisi
582 3456 695 3510 tautum
707 3451 829 3509 iniuria.
850 3464 905 3510 occ
918 3453 950 3508 tu
997 3497 1000 3502 Α

193 3530 360 3672 Aldmoaeat
371 3535 451 3612 quod
463 3541 504 3609 te,
522 3537 634 3610 pipmus
647 3534 774 3594 amantis
787 3532 901 3675 babes.l

109 3627 190 3674 ovw.
228 3658 235 3672 .
425 3659 428 3667 .
904 3625 919 3675 1
