<?xml version="1.0" encoding="UTF-8"?>
<!DOCTYPE html PUBLIC "-//W3C//DTD XHTML 1.0 Transitional//EN"
    "http://www.w3.org/TR/xhtml1/DTD/xhtml1-transitional.dtd">
<html xmlns="http://www.w3.org/1999/xhtml" xml:lang="en" lang="en">
 <head>
  <title>
</title>
<meta http-equiv="Content-Type" content="text/html;charset=utf-8" />
  <meta name='ocr-system' content='tesseract 3.04.00' />
  <meta name='ocr-capabilities' content='ocr_page ocr_carea ocr_par ocr_line ocrx_word'/>
</head>
<body>
  <div class='ocr_page' id='page_1' title='image "./povidiusnaso02merkgoog_0126.png"; bbox 0 0 2488 4006; ppageno 0'>
   <div class='ocr_carea' id='block_1_1' title="bbox 98 285 1090 368">
    <p class='ocr_par' dir='ltr' id='par_1_1' title="bbox 98 285 1090 368">
     <span class='ocr_line' id='line_1_1' title="bbox 98 285 1090 368; baseline 0.006 -18"><span class='ocrx_word' id='word_1_1' title='bbox 98 293 175 353; x_wconf 88' lang='lat' dir='ltr'>Vlll.</span> <span class='ocrx_word' id='word_1_2' title='bbox 197 293 316 353; x_wconf 81' lang='lat' dir='ltr'>HERM.</span> <span class='ocrx_word' id='word_1_3' title='bbox 339 285 517 356; x_wconf 77' lang='lat'>85-12&#39;2.</span> <span class='ocrx_word' id='word_1_4' title='bbox 547 293 638 368; x_wconf 80' lang='lat' dir='ltr'>Vltll.</span> <span class='ocrx_word' id='word_1_5' title='bbox 660 294 849 356; x_wconf 81' lang='lat' dir='ltr'>DElANlRA</span> <span class='ocrx_word' id='word_1_6' title='bbox 869 292 1002 356; x_wconf 80' lang='lat'><strong>1-36.</strong></span> <span class='ocrx_word' id='word_1_7' title='bbox 1030 291 1090 356; x_wconf 91' lang='grc'>101</span> 
     </span>
    </p>
   </div>
   <div class='ocr_carea' id='block_1_2' title="bbox 537 491 625 553">
    <p class='ocr_par' dir='ltr' id='par_1_2' title="bbox 537 491 625 553">
     <span class='ocr_line' id='line_1_2' title="bbox 537 491 625 553; baseline 0.023 -2"><span class='ocrx_word' id='word_1_8' title='bbox 537 491 625 553; x_wconf 90' lang='lat' dir='ltr'>v1111.</span> 
     </span>
    </p>
   </div>
   <div class='ocr_carea' id='block_1_3' title="bbox 130 571 1008 1016">
    <p class='ocr_par' dir='ltr' id='par_1_3' title="bbox 130 571 1008 1016">
     <span class='ocr_line' id='line_1_3' title="bbox 161 571 908 670; baseline 0 -6"><span class='ocrx_word' id='word_1_9' title='bbox 161 571 307 667; x_wconf 71' lang='lat' dir='ltr'>Gratulor</span> <span class='ocrx_word' id='word_1_10' title='bbox 323 606 495 666; x_wconf 78' lang='lat' dir='ltr'>Oechaliam</span> <span class='ocrx_word' id='word_1_11' title='bbox 510 608 600 667; x_wconf 89' lang='lat' dir='ltr'>titulis</span> <span class='ocrx_word' id='word_1_12' title='bbox 617 609 765 667; x_wconf 72' lang='lat' dir='ltr'>accedere</span> <span class='ocrx_word' id='word_1_13' title='bbox 780 609 908 670; x_wconf 78' lang='lat' dir='ltr'>nostris:</span> 
     </span>
     <span class='ocr_line' id='line_1_4' title="bbox 201 689 822 766; baseline 0.003 -17"><span class='ocrx_word' id='word_1_14' title='bbox 201 691 357 749; x_wconf 78' lang='lat' dir='ltr'>Victorem</span> <span class='ocrx_word' id='word_1_15' title='bbox 371 691 469 750; x_wconf 91' lang='lat' dir='ltr'>victae</span> <span class='ocrx_word' id='word_1_16' title='bbox 484 689 687 751; x_wconf 79' lang='lat' dir='ltr'>subcubuisse</span> <span class='ocrx_word' id='word_1_17' title='bbox 702 707 822 766; x_wconf 87' lang='lat' dir='ltr'>queror.</span> 
     </span>
     <span class='ocr_line' id='line_1_5' title="bbox 159 774 993 850; baseline 0.001 -16"><span class='ocrx_word' id='word_1_18' title='bbox 159 774 253 834; x_wconf 79' lang='lat' dir='ltr'>Fama</span> <span class='ocrx_word' id='word_1_19' title='bbox 266 774 463 848; x_wconf 82' lang='lat' dir='ltr'>Pelasgiadas</span> <span class='ocrx_word' id='word_1_20' title='bbox 480 775 580 835; x_wconf 91' lang='lat' dir='ltr'>subito</span> <span class='ocrx_word' id='word_1_21' title='bbox 597 776 734 850; x_wconf 89' lang='lat' dir='ltr'>pervenit</span> <span class='ocrx_word' id='word_1_22' title='bbox 749 775 780 834; x_wconf 91' lang='lat' dir='ltr'>in</span> <span class='ocrx_word' id='word_1_23' title='bbox 795 776 886 835; x_wconf 91' lang='lat' dir='ltr'>urbes</span> <span class='ocrx_word' id='word_1_24' title='bbox 990 807 993 814; x_wconf 87' lang='lat'><em>-</em></span> 
     </span>
     <span class='ocr_line' id='line_1_6' title="bbox 202 857 735 932; baseline 0.006 -17"><span class='ocrx_word' id='word_1_25' title='bbox 202 857 334 917; x_wconf 84' lang='lat' dir='ltr'>Decolor</span> <span class='ocrx_word' id='word_1_26' title='bbox 349 864 378 916; x_wconf 88' lang='lat' dir='ltr'>et</span> <span class='ocrx_word' id='word_1_27' title='bbox 393 858 479 932; x_wconf 87' lang='lat' dir='ltr'>lactis</span> <span class='ocrx_word' id='word_1_28' title='bbox 495 859 653 918; x_wconf 80' lang='lat' dir='ltr'>insiliando</span> <span class='ocrx_word' id='word_1_29' title='bbox 666 859 735 931; x_wconf 79' lang='lat' dir='ltr'>tuiS,</span> 
     </span>
     <span class='ocr_line' id='line_1_7' title="bbox 130 940 1008 1016; baseline -0.003 -13"><span class='ocrx_word' id='word_1_30' title='bbox 130 940 254 1014; x_wconf 68' lang='lat' dir='ltr'>sQuem</span> <span class='ocrx_word' id='word_1_31' title='bbox 270 956 434 1016; x_wconf 84' lang='lat' dir='ltr'>numquam</span> <span class='ocrx_word' id='word_1_32' title='bbox 451 941 525 1000; x_wconf 89' lang='lat' dir='ltr'>luno</span> <span class='ocrx_word' id='word_1_33' title='bbox 542 943 700 1016; x_wconf 89' lang='lat' dir='ltr'>seriesque</span> <span class='ocrx_word' id='word_1_34' title='bbox 714 943 853 1002; x_wconf 87' lang='lat' dir='ltr'>inmensa</span> <span class='ocrx_word' id='word_1_35' title='bbox 871 942 1008 1004; x_wconf 90' lang='lat' dir='ltr'>laborum</span> 
     </span>
    </p>
   </div>
   <div class='ocr_carea' id='block_1_4' title="bbox 71 1023 1064 3600">
    <p class='ocr_par' dir='ltr' id='par_1_4' title="bbox 71 1023 1064 3600">
     <span class='ocr_line' id='line_1_8' title="bbox 201 1023 858 1098; baseline 0 -16"><span class='ocrx_word' id='word_1_36' title='bbox 201 1023 351 1097; x_wconf 76' lang='lat' dir='ltr'>Fregerit,</span> <span class='ocrx_word' id='word_1_37' title='bbox 371 1023 441 1083; x_wconf 92' lang='lat' dir='ltr'>huic</span> <span class='ocrx_word' id='word_1_38' title='bbox 456 1023 539 1084; x_wconf 89' lang='lat' dir='ltr'>Iolen</span> <span class='ocrx_word' id='word_1_39' title='bbox 555 1026 732 1098; x_wconf 89' lang='lat' dir='ltr'>inposuisse</span> <span class='ocrx_word' id='word_1_40' title='bbox 744 1026 858 1098; x_wconf 84' lang='lat' dir='ltr'>iugum.</span> 
     </span>
     <span class='ocr_line' id='line_1_9' title="bbox 159 1106 1028 1182; baseline 0.002 -18"><span class='ocrx_word' id='word_1_41' title='bbox 159 1106 225 1166; x_wconf 88' lang='lat' dir='ltr'>Hoc</span> <span class='ocrx_word' id='word_1_42' title='bbox 242 1107 312 1164; x_wconf 89' lang='lat' dir='ltr'>velit</span> <span class='ocrx_word' id='word_1_43' title='bbox 324 1106 530 1181; x_wconf 83' lang='lat' dir='ltr'>Eurystheus,</span> <span class='ocrx_word' id='word_1_44' title='bbox 554 1107 628 1166; x_wconf 86' lang='lat' dir='ltr'>velit</span> <span class='ocrx_word' id='word_1_45' title='bbox 642 1107 701 1166; x_wconf 89' lang='lat' dir='ltr'>hoe</span> <span class='ocrx_word' id='word_1_46' title='bbox 716 1124 861 1182; x_wconf 81' lang='lat' dir='ltr'>germana</span> <span class='ocrx_word' id='word_1_47' title='bbox 874 1108 1028 1179; x_wconf 82' lang='lat' dir='ltr'>Tonantis,</span> 
     </span>
     <span class='ocr_line' id='line_1_10' title="bbox 138 1189 835 1264; baseline -0.001 -17"><span class='ocrx_word' id='word_1_48' title='bbox 138 1219 139 1222; x_wconf 16' lang='grc' dir='ltr'><strong>κ</strong></span> <span class='ocrx_word' id='word_1_49' title='bbox 200 1189 357 1264; x_wconf 89' lang='lat' dir='ltr'>Laetaque</span> <span class='ocrx_word' id='word_1_50' title='bbox 374 1190 413 1248; x_wconf 89' lang='lat' dir='ltr'>sit</span> <span class='ocrx_word' id='word_1_51' title='bbox 428 1191 507 1248; x_wconf 89' lang='lat' dir='ltr'>vitae</span> <span class='ocrx_word' id='word_1_52' title='bbox 524 1189 592 1248; x_wconf 90' lang='lat' dir='ltr'>labe</span> <span class='ocrx_word' id='word_1_53' title='bbox 608 1205 741 1249; x_wconf 88' lang='lat' dir='ltr'>noverca</span> <span class='ocrx_word' id='word_1_54' title='bbox 755 1197 835 1250; x_wconf 89' lang='lat' dir='ltr'>tuae.</span> 
     </span>
     <span class='ocr_line' id='line_1_11' title="bbox 158 1269 919 1346; baseline 0 -14"><span class='ocrx_word' id='word_1_55' title='bbox 158 1275 199 1332; x_wconf 81' lang='lat' dir='ltr'>At</span> <span class='ocrx_word' id='word_1_56' title='bbox 213 1289 274 1332; x_wconf 94' lang='lat' dir='ltr'>non</span> <span class='ocrx_word' id='word_1_57' title='bbox 289 1269 339 1331; x_wconf 88' lang='lat' dir='ltr'>ille</span> <span class='ocrx_word' id='word_1_58' title='bbox 354 1273 439 1346; x_wconf 86' lang='lat' dir='ltr'>velit,</span> <span class='ocrx_word' id='word_1_59' title='bbox 462 1273 510 1332; x_wconf 90' lang='lat' dir='ltr'>cul</span> <span class='ocrx_word' id='word_1_60' title='bbox 527 1288 610 1331; x_wconf 89' lang='lat' dir='ltr'>nox..</span> <span class='ocrx_word' id='word_1_61' title='bbox 628 1273 672 1332; x_wconf 91' lang='lat' dir='ltr'>sic</span> <span class='ocrx_word' id='word_1_62' title='bbox 689 1273 840 1333; x_wconf 86' lang='lat' dir='ltr'>creditur..</span> <span class='ocrx_word' id='word_1_63' title='bbox 857 1289 919 1332; x_wconf 90' lang='lat' dir='ltr'>una</span> 
     </span>
     <span class='ocr_line' id='line_1_12' title="bbox 118 1356 858 1431; baseline -0.005 -13"><span class='ocrx_word' id='word_1_64' title='bbox 118 1368 152 1420; x_wconf 82' lang='lat'>10</span> <span class='ocrx_word' id='word_1_65' title='bbox 203 1357 271 1415; x_wconf 89' lang='lat' dir='ltr'>Non</span> <span class='ocrx_word' id='word_1_66' title='bbox 285 1356 373 1430; x_wconf 88' lang='lat' dir='ltr'>tanti,</span> <span class='ocrx_word' id='word_1_67' title='bbox 395 1363 428 1416; x_wconf 92' lang='lat' dir='ltr'>ut</span> <span class='ocrx_word' id='word_1_68' title='bbox 442 1363 542 1417; x_wconf 90' lang='lat' dir='ltr'>tantus</span> <span class='ocrx_word' id='word_1_69' title='bbox 558 1357 770 1431; x_wconf 82' lang='lat' dir='ltr'>conciperem,</span> <span class='ocrx_word' id='word_1_70' title='bbox 795 1358 858 1415; x_wconf 87' lang='lat' dir='ltr'>luit.</span> 
     </span>
     <span class='ocr_line' id='line_1_13' title="bbox 158 1439 1031 1514; baseline 0.001 -16"><span class='ocrx_word' id='word_1_71' title='bbox 158 1439 229 1499; x_wconf 90' lang='lat' dir='ltr'>Plus</span> <span class='ocrx_word' id='word_1_72' title='bbox 245 1440 297 1498; x_wconf 91' lang='lat' dir='ltr'>tibi</span> <span class='ocrx_word' id='word_1_73' title='bbox 315 1457 405 1514; x_wconf 86' lang='lat' dir='ltr'>quam</span> <span class='ocrx_word' id='word_1_74' title='bbox 419 1441 509 1512; x_wconf 92' lang='lat' dir='ltr'>luno,</span> <span class='ocrx_word' id='word_1_75' title='bbox 531 1442 634 1501; x_wconf 87' lang='lat' dir='ltr'>nocuit</span> <span class='ocrx_word' id='word_1_76' title='bbox 647 1443 765 1500; x_wconf 86' lang='lat' dir='ltr'>Venus.</span> <span class='ocrx_word' id='word_1_77' title='bbox 786 1440 837 1500; x_wconf 85' lang='lat' dir='ltr'>ille</span> <span class='ocrx_word' id='word_1_78' title='bbox 855 1439 1031 1514; x_wconf 89' lang='lat' dir='ltr'>premendo·</span> 
     </span>
     <span class='ocr_line' id='line_1_14' title="bbox 204 1523 934 1604; baseline 0 -22"><span class='ocrx_word' id='word_1_79' title='bbox 204 1523 346 1604; x_wconf 86' lang='lat' dir='ltr'>Sustulit,</span> <span class='ocrx_word' id='word_1_80' title='bbox 369 1524 445 1583; x_wconf 92' lang='lat' dir='ltr'>haec</span> <span class='ocrx_word' id='word_1_81' title='bbox 462 1525 566 1584; x_wconf 88' lang='lat' dir='ltr'>humili</span> <span class='ocrx_word' id='word_1_82' title='bbox 582 1525 640 1584; x_wconf 92' lang='lat' dir='ltr'>sub</span> <span class='ocrx_word' id='word_1_83' title='bbox 656 1525 735 1598; x_wconf 89' lang='lat' dir='ltr'>pede</span> <span class='ocrx_word' id='word_1_84' title='bbox 751 1525 830 1584; x_wconf 89' lang='lat' dir='ltr'>colla</span> <span class='ocrx_word' id='word_1_85' title='bbox 844 1531 934 1583; x_wconf 90' lang='lat' dir='ltr'>tenet.</span> 
     </span>
     <span class='ocr_line' id='line_1_15' title="bbox 158 1607 897 1681; baseline -0.003 -13"><span class='ocrx_word' id='word_1_86' title='bbox 158 1607 292 1681; x_wconf 85' lang='lat' dir='ltr'>Respice</span> <span class='ocrx_word' id='word_1_87' title='bbox 308 1607 478 1665; x_wconf 87' lang='lat' dir='ltr'>vindicibus</span> <span class='ocrx_word' id='word_1_88' title='bbox 494 1615 636 1680; x_wconf 87' lang='lat' dir='ltr'>pacatum</span> <span class='ocrx_word' id='word_1_89' title='bbox 650 1608 767 1668; x_wconf 88' lang='lat' dir='ltr'>viribus</span> <span class='ocrx_word' id='word_1_90' title='bbox 784 1608 897 1680; x_wconf 90' lang='lat' dir='ltr'>orbem,</span> 
     </span>
     <span class='ocr_line' id='line_1_16' title="bbox 202 1689 917 1776; baseline -0.006 -25"><span class='ocrx_word' id='word_1_91' title='bbox 202 1690 268 1763; x_wconf 82' lang='lat' dir='ltr'>Qua</span> <span class='ocrx_word' id='word_1_92' title='bbox 281 1690 371 1748; x_wconf 89' lang='lat' dir='ltr'>latam</span> <span class='ocrx_word' id='word_1_93' title='bbox 385 1689 502 1776; x_wconf 77' lang='lat' dir='ltr'>Nereus</span> <span class='ocrx_word' id='word_1_94' title='bbox 519 1692 660 1750; x_wconf 90' lang='lat' dir='ltr'>caerulus</span> <span class='ocrx_word' id='word_1_95' title='bbox 677 1692 769 1750; x_wconf 88' lang='lat' dir='ltr'>ambit</span> <span class='ocrx_word' id='word_1_96' title='bbox 783 1691 917 1750; x_wconf 90' lang='lat' dir='ltr'>humum.</span> 
     </span>
     <span class='ocr_line' id='line_1_17' title="bbox 117 1773 971 1849; baseline -0.009 -12"><span class='ocrx_word' id='word_1_97' title='bbox 117 1783 152 1836; x_wconf 78' lang='lat'>15</span> <span class='ocrx_word' id='word_1_98' title='bbox 164 1773 205 1834; x_wconf 88' lang='lat' dir='ltr'>Se</span> <span class='ocrx_word' id='word_1_99' title='bbox 219 1773 273 1832; x_wconf 89' lang='lat' dir='ltr'>tibi</span> <span class='ocrx_word' id='word_1_100' title='bbox 289 1789 349 1848; x_wconf 86' lang='lat' dir='ltr'>pax</span> <span class='ocrx_word' id='word_1_101' title='bbox 364 1779 476 1848; x_wconf 90' lang='lat' dir='ltr'>terrae,</span> <span class='ocrx_word' id='word_1_102' title='bbox 500 1773 553 1833; x_wconf 90' lang='lat' dir='ltr'>tibi</span> <span class='ocrx_word' id='word_1_103' title='bbox 569 1789 603 1833; x_wconf 86' lang='lat' dir='ltr'>se</span> <span class='ocrx_word' id='word_1_104' title='bbox 617 1780 680 1834; x_wconf 91' lang='lat' dir='ltr'>tota</span> <span class='ocrx_word' id='word_1_105' title='bbox 695 1790 832 1849; x_wconf 88' lang='lat' dir='ltr'>aequora</span> <span class='ocrx_word' id='word_1_106' title='bbox 846 1775 971 1834; x_wconf 83' lang='lat' dir='ltr'>debent:</span> 
     </span>
     <span class='ocr_line' id='line_1_18' title="bbox 202 1855 886 1932; baseline -0.001 -17"><span class='ocrx_word' id='word_1_107' title='bbox 202 1855 339 1931; x_wconf 86' lang='lat' dir='ltr'>Implesti</span> <span class='ocrx_word' id='word_1_108' title='bbox 357 1856 469 1916; x_wconf 89' lang='lat' dir='ltr'>meritis</span> <span class='ocrx_word' id='word_1_109' title='bbox 488 1857 562 1916; x_wconf 90' lang='lat' dir='ltr'>solis</span> <span class='ocrx_word' id='word_1_110' title='bbox 577 1865 737 1932; x_wconf 90' lang='lat' dir='ltr'>utramque</span> <span class='ocrx_word' id='word_1_111' title='bbox 753 1859 886 1917; x_wconf 89' lang='lat' dir='ltr'>domum.</span> 
     </span>
     <span class='ocr_line' id='line_1_19' title="bbox 160 1940 955 2014; baseline -0.008 -15"><span class='ocrx_word' id='word_1_112' title='bbox 160 1941 247 2014; x_wconf 81' lang='lat' dir='ltr'>Quod</span> <span class='ocrx_word' id='word_1_113' title='bbox 261 1947 290 1999; x_wconf 88' lang='lat' dir='ltr'>te</span> <span class='ocrx_word' id='word_1_114' title='bbox 307 1942 433 2000; x_wconf 89' lang='lat' dir='ltr'>laturum</span> <span class='ocrx_word' id='word_1_115' title='bbox 449 1948 510 2014; x_wconf 91' lang='lat' dir='ltr'>est,</span> <span class='ocrx_word' id='word_1_116' title='bbox 533 1942 649 2000; x_wconf 90' lang='lat' dir='ltr'>caelum</span> <span class='ocrx_word' id='word_1_117' title='bbox 666 1941 750 2014; x_wconf 89' lang='lat' dir='ltr'>prius</span> <span class='ocrx_word' id='word_1_118' title='bbox 767 1941 833 2014; x_wconf 88' lang='lat' dir='ltr'>ipse</span> <span class='ocrx_word' id='word_1_119' title='bbox 848 1940 955 2000; x_wconf 82' lang='lat' dir='ltr'>tulisti=</span> 
     </span>
     <span class='ocr_line' id='line_1_20' title="bbox 201 2023 858 2098; baseline -0.003 -16"><span class='ocrx_word' id='word_1_120' title='bbox 201 2023 332 2083; x_wconf 83' lang='lat' dir='ltr'>Hercule</span> <span class='ocrx_word' id='word_1_121' title='bbox 348 2023 508 2098; x_wconf 88' lang='lat' dir='ltr'>subposito</span> <span class='ocrx_word' id='word_1_122' title='bbox 525 2023 628 2084; x_wconf 87' lang='lat' dir='ltr'>sidera</span> <span class='ocrx_word' id='word_1_123' title='bbox 643 2024 726 2084; x_wconf 88' lang='lat' dir='ltr'>lulsit</span> <span class='ocrx_word' id='word_1_124' title='bbox 740 2024 858 2085; x_wconf 83' lang='lat' dir='ltr'>Atlans.</span> 
     </span>
     <span class='ocr_line' id='line_1_21' title="bbox 160 2105 909 2182; baseline -0.001 -17"><span class='ocrx_word' id='word_1_125' title='bbox 160 2106 237 2181; x_wconf 83' lang='lat' dir='ltr'>Quid</span> <span class='ocrx_word' id='word_1_126' title='bbox 252 2107 311 2165; x_wconf 90' lang='lat' dir='ltr'>nisi</span> <span class='ocrx_word' id='word_1_127' title='bbox 327 2107 432 2167; x_wconf 87' lang='lat' dir='ltr'>notitia</span> <span class='ocrx_word' id='word_1_128' title='bbox 447 2115 495 2166; x_wconf 91' lang='lat' dir='ltr'>est</span> <span class='ocrx_word' id='word_1_129' title='bbox 508 2109 620 2168; x_wconf 90' lang='lat' dir='ltr'>misero</span> <span class='ocrx_word' id='word_1_130' title='bbox 637 2108 776 2181; x_wconf 86' lang='lat' dir='ltr'>quaesita</span> <span class='ocrx_word' id='word_1_131' title='bbox 790 2105 909 2182; x_wconf 87' lang='lat' dir='ltr'>pudori,</span> 
     </span>
     <span class='ocr_line' id='line_1_22' title="bbox 115 2189 826 2266; baseline -0.001 -16"><span class='ocrx_word' id='word_1_132' title='bbox 115 2199 153 2250; x_wconf 73' lang='lat'>20</span> <span class='ocrx_word' id='word_1_133' title='bbox 207 2189 239 2248; x_wconf 88' lang='lat' dir='ltr'>Si</span> <span class='ocrx_word' id='word_1_134' title='bbox 255 2190 391 2250; x_wconf 91' lang='lat' dir='ltr'>cumulas</span> <span class='ocrx_word' id='word_1_135' title='bbox 407 2192 504 2265; x_wconf 89' lang='lat' dir='ltr'>stupri</span> <span class='ocrx_word' id='word_1_136' title='bbox 520 2192 600 2250; x_wconf 87' lang='lat' dir='ltr'>lacta</span> <span class='ocrx_word' id='word_1_137' title='bbox 616 2193 717 2266; x_wconf 90' lang='lat' dir='ltr'>priora</span> <span class='ocrx_word' id='word_1_138' title='bbox 733 2199 826 2252; x_wconf 80' lang='lat' dir='ltr'>notat</span> 
     </span>
     <span class='ocr_line' id='line_1_23' title="bbox 160 2273 978 2350; baseline 0.005 -18"><span class='ocrx_word' id='word_1_139' title='bbox 160 2273 240 2333; x_wconf 88' lang='lat' dir='ltr'>Tene</span> <span class='ocrx_word' id='word_1_140' title='bbox 255 2274 353 2334; x_wconf 87' lang='lat' dir='ltr'>ierunt</span> <span class='ocrx_word' id='word_1_141' title='bbox 368 2275 507 2349; x_wconf 79' lang='lat' dir='ltr'>geminos</span> <span class='ocrx_word' id='word_1_142' title='bbox 523 2275 678 2350; x_wconf 87' lang='lat' dir='ltr'>pressisse</span> <span class='ocrx_word' id='word_1_143' title='bbox 693 2276 838 2335; x_wconf 87' lang='lat' dir='ltr'>tenaciter</span> <span class='ocrx_word' id='word_1_144' title='bbox 853 2287 978 2348; x_wconf 71' lang='lat' dir='ltr'>angues</span> 
     </span>
     <span class='ocr_line' id='line_1_24' title="bbox 204 2357 921 2433; baseline -0.004 -15"><span class='ocrx_word' id='word_1_145' title='bbox 204 2358 276 2418; x_wconf 85' lang='lat' dir='ltr'>Cum</span> <span class='ocrx_word' id='word_1_146' title='bbox 290 2365 376 2417; x_wconf 91' lang='lat' dir='ltr'>tener</span> <span class='ocrx_word' id='word_1_147' title='bbox 391 2357 421 2417; x_wconf 93' lang='lat' dir='ltr'>in</span> <span class='ocrx_word' id='word_1_148' title='bbox 437 2359 523 2418; x_wconf 89' lang='lat' dir='ltr'>cunis</span> <span class='ocrx_word' id='word_1_149' title='bbox 540 2359 599 2418; x_wconf 90' lang='lat' dir='ltr'>iam</span> <span class='ocrx_word' id='word_1_150' title='bbox 614 2360 688 2419; x_wconf 88' lang='lat' dir='ltr'>love</span> <span class='ocrx_word' id='word_1_151' title='bbox 703 2359 813 2433; x_wconf 84' lang='lat' dir='ltr'>dignus</span> <span class='ocrx_word' id='word_1_152' title='bbox 831 2364 921 2416; x_wconf 69' lang='lat' dir='ltr'>eras?</span> 
     </span>
     <span class='ocr_line' id='line_1_25' title="bbox 161 2440 933 2516; baseline -0.001 -16"><span class='ocrx_word' id='word_1_153' title='bbox 161 2440 295 2516; x_wconf 85' lang='lat' dir='ltr'>Coepisti</span> <span class='ocrx_word' id='word_1_154' title='bbox 310 2441 432 2515; x_wconf 79' lang='lat' dir='ltr'>meliuS,</span> <span class='ocrx_word' id='word_1_155' title='bbox 456 2457 546 2516; x_wconf 85' lang='lat' dir='ltr'>quarn</span> <span class='ocrx_word' id='word_1_156' title='bbox 562 2441 688 2502; x_wconf 89' lang='lat' dir='ltr'>desinis.</span> <span class='ocrx_word' id='word_1_157' title='bbox 709 2442 814 2503; x_wconf 90' lang='lat' dir='ltr'>ultima</span> <span class='ocrx_word' id='word_1_158' title='bbox 828 2441 933 2515; x_wconf 89' lang='lat' dir='ltr'>primis</span> 
     </span>
     <span class='ocr_line' id='line_1_26' title="bbox 203 2524 853 2600; baseline -0.002 -16"><span class='ocrx_word' id='word_1_159' title='bbox 203 2525 329 2584; x_wconf 85' lang='lat' dir='ltr'>Cedunt.</span> <span class='ocrx_word' id='word_1_160' title='bbox 352 2524 517 2586; x_wconf 89' lang='lat' dir='ltr'>dissimiles</span> <span class='ocrx_word' id='word_1_161' title='bbox 531 2525 580 2585; x_wconf 87' lang='lat' dir='ltr'>hic</span> <span class='ocrx_word' id='word_1_162' title='bbox 595 2527 686 2586; x_wconf 87' lang='lat' dir='ltr'>viret</span> <span class='ocrx_word' id='word_1_163' title='bbox 701 2524 751 2586; x_wconf 91' lang='lat' dir='ltr'>ille</span> <span class='ocrx_word' id='word_1_164' title='bbox 767 2539 853 2600; x_wconf 88' lang='lat' dir='ltr'>puer.</span> 
     </span>
     <span class='ocr_line' id='line_1_27' title="bbox 115 2605 1064 2685; baseline -0.005 -17"><span class='ocrx_word' id='word_1_165' title='bbox 115 2617 151 2670; x_wconf 77' lang='lat'>25</span> <span class='ocrx_word' id='word_1_166' title='bbox 164 2607 259 2681; x_wconf 82' lang='lat' dir='ltr'>Quem</span> <span class='ocrx_word' id='word_1_167' title='bbox 274 2624 335 2668; x_wconf 92' lang='lat' dir='ltr'>non</span> <span class='ocrx_word' id='word_1_168' title='bbox 350 2608 430 2668; x_wconf 88' lang='lat' dir='ltr'>mille</span> <span class='ocrx_word' id='word_1_169' title='bbox 446 2610 543 2683; x_wconf 85' lang='lat' dir='ltr'>ierac,</span> <span class='ocrx_word' id='word_1_170' title='bbox 566 2625 656 2685; x_wconf 90' lang='lat' dir='ltr'>quem</span> <span class='ocrx_word' id='word_1_171' title='bbox 672 2625 734 2669; x_wconf 94' lang='lat' dir='ltr'>non</span> <span class='ocrx_word' id='word_1_172' title='bbox 749 2608 940 2669; x_wconf 86' lang='lat' dir='ltr'>Stheneleius</span> <span class='ocrx_word' id='word_1_173' title='bbox 955 2605 1064 2677; x_wconf 91' lang='lat' dir='ltr'>hostis,</span> 
     </span>
     <span class='ocr_line' id='line_1_28' title="bbox 201 2691 846 2766; baseline -0.005 -15"><span class='ocrx_word' id='word_1_174' title='bbox 201 2691 269 2752; x_wconf 90' lang='lat' dir='ltr'>Non</span> <span class='ocrx_word' id='word_1_175' title='bbox 285 2692 383 2766; x_wconf 85' lang='lat' dir='ltr'>potuit</span> <span class='ocrx_word' id='word_1_176' title='bbox 396 2692 469 2752; x_wconf 93' lang='lat' dir='ltr'>luno</span> <span class='ocrx_word' id='word_1_177' title='bbox 484 2694 621 2766; x_wconf 83' lang='lat' dir='ltr'>vincere,</span> <span class='ocrx_word' id='word_1_178' title='bbox 644 2693 737 2753; x_wconf 85' lang='lat' dir='ltr'>vincit</span> <span class='ocrx_word' id='word_1_179' title='bbox 752 2708 846 2752; x_wconf 90' lang='lat' dir='ltr'>amor.</span> 
     </span>
     <span class='ocr_line' id='line_1_29' title="bbox 160 2773 1013 2855; baseline -0.004 -21"><span class='ocrx_word' id='word_1_180' title='bbox 160 2777 201 2834; x_wconf 86' lang='lat' dir='ltr'>At</span> <span class='ocrx_word' id='word_1_181' title='bbox 214 2773 293 2835; x_wconf 89' lang='lat' dir='ltr'>bene</span> <span class='ocrx_word' id='word_1_182' title='bbox 308 2783 402 2850; x_wconf 89' lang='lat' dir='ltr'>nupta</span> <span class='ocrx_word' id='word_1_183' title='bbox 417 2777 511 2849; x_wconf 86' lang='lat' dir='ltr'>feror,</span> <span class='ocrx_word' id='word_1_184' title='bbox 533 2778 604 2852; x_wconf 90' lang='lat' dir='ltr'>quia</span> <span class='ocrx_word' id='word_1_185' title='bbox 618 2778 759 2837; x_wconf 89' lang='lat' dir='ltr'>nominor</span> <span class='ocrx_word' id='word_1_186' title='bbox 772 2775 911 2855; x_wconf 85' lang='lat' dir='ltr'>Herculis</span> <span class='ocrx_word' id='word_1_187' title='bbox 927 2789 1013 2846; x_wconf 85' lang='lat' dir='ltr'>uxor,</span> 
     </span>
     <span class='ocr_line' id='line_1_30' title="bbox 203 2857 919 2934; baseline -0.003 -17"><span class='ocrx_word' id='word_1_188' title='bbox 203 2857 309 2931; x_wconf 88' lang='lat' dir='ltr'>Sitque</span> <span class='ocrx_word' id='word_1_189' title='bbox 324 2875 414 2918; x_wconf 90' lang='lat' dir='ltr'>socer</span> <span class='ocrx_word' id='word_1_190' title='bbox 428 2859 544 2933; x_wconf 88' lang='lat' dir='ltr'>rapidis</span> <span class='ocrx_word' id='word_1_191' title='bbox 561 2860 613 2934; x_wconf 89' lang='lat' dir='ltr'>qui</span> <span class='ocrx_word' id='word_1_192' title='bbox 627 2867 713 2920; x_wconf 88' lang='lat' dir='ltr'>tonat</span> <span class='ocrx_word' id='word_1_193' title='bbox 727 2861 805 2920; x_wconf 91' lang='lat' dir='ltr'>altus</span> <span class='ocrx_word' id='word_1_194' title='bbox 821 2859 919 2933; x_wconf 89' lang='lat' dir='ltr'>equis.</span> 
     </span>
     <span class='ocr_line' id='line_1_31' title="bbox 161 2940 994 3017; baseline -0.004 -17"><span class='ocrx_word' id='word_1_195' title='bbox 161 2941 254 3014; x_wconf 82' lang='lat' dir='ltr'>Quam</span> <span class='ocrx_word' id='word_1_196' title='bbox 269 2942 348 3000; x_wconf 90' lang='lat' dir='ltr'>male</span> <span class='ocrx_word' id='word_1_197' title='bbox 363 2943 541 3017; x_wconf 87' lang='lat' dir='ltr'>inaequales</span> <span class='ocrx_word' id='word_1_198' title='bbox 557 2944 683 3003; x_wconf 90' lang='lat' dir='ltr'>veniunt</span> <span class='ocrx_word' id='word_1_199' title='bbox 697 2945 736 3002; x_wconf 86' lang='lat' dir='ltr'>ad</span> <span class='ocrx_word' id='word_1_200' title='bbox 751 2950 849 3002; x_wconf 90' lang='lat' dir='ltr'>aratra</span> <span class='ocrx_word' id='word_1_201' title='bbox 864 2940 994 3012; x_wconf 89' lang='lat' dir='ltr'>iuvenci,</span> 
     </span>
     <span class='ocr_line' id='line_1_32' title="bbox 71 3025 940 3102; baseline -0.005 -17"><span class='ocrx_word' id='word_1_202' title='bbox 71 3086 74 3092; x_wconf 73' lang='grc'><strong>,</strong></span> <span class='ocrx_word' id='word_1_203' title='bbox 94 3025 99 3038; x_wconf 84' lang='grc'><em>“</em></span> <span class='ocrx_word' id='word_1_204' title='bbox 115 3033 152 3085; x_wconf 84' lang='lat'>30</span> <span class='ocrx_word' id='word_1_205' title='bbox 204 3026 276 3084; x_wconf 88' lang='lat' dir='ltr'>Tam</span> <span class='ocrx_word' id='word_1_206' title='bbox 292 3026 437 3100; x_wconf 90' lang='lat' dir='ltr'>premitur</span> <span class='ocrx_word' id='word_1_207' title='bbox 451 3040 561 3100; x_wconf 86' lang='lat' dir='ltr'>magno</span> <span class='ocrx_word' id='word_1_208' title='bbox 577 3027 707 3102; x_wconf 86' lang='lat' dir='ltr'>coniuge</span> <span class='ocrx_word' id='word_1_209' title='bbox 722 3034 817 3100; x_wconf 90' lang='lat' dir='ltr'>nupta</span> <span class='ocrx_word' id='word_1_210' title='bbox 832 3027 940 3086; x_wconf 86' lang='lat' dir='ltr'>minor.</span> 
     </span>
     <span class='ocr_line' id='line_1_33' title="bbox 160 3106 1016 3186; baseline -0.002 -21"><span class='ocrx_word' id='word_1_211' title='bbox 160 3107 225 3168; x_wconf 91' lang='lat' dir='ltr'>Non</span> <span class='ocrx_word' id='word_1_212' title='bbox 241 3108 340 3168; x_wconf 93' lang='lat' dir='ltr'>honor</span> <span class='ocrx_word' id='word_1_213' title='bbox 355 3117 416 3184; x_wconf 87' lang='lat' dir='ltr'>est,</span> <span class='ocrx_word' id='word_1_214' title='bbox 439 3110 496 3169; x_wconf 88' lang='lat' dir='ltr'>sed</span> <span class='ocrx_word' id='word_1_215' title='bbox 511 3127 590 3170; x_wconf 93' lang='lat' dir='ltr'>onus</span> <span class='ocrx_word' id='word_1_216' title='bbox 607 3112 729 3186; x_wconf 88' lang='lat' dir='ltr'>species</span> <span class='ocrx_word' id='word_1_217' title='bbox 747 3111 869 3170; x_wconf 89' lang='lat' dir='ltr'>laesura</span> <span class='ocrx_word' id='word_1_218' title='bbox 883 3106 1016 3167; x_wconf 84' lang='lat' dir='ltr'>terentis.</span> 
     </span>
     <span class='ocr_line' id='line_1_34' title="bbox 203 3191 821 3269; baseline 0 -18"><span class='ocrx_word' id='word_1_219' title='bbox 203 3191 299 3267; x_wconf 87' lang='lat' dir='ltr'>Siqua</span> <span class='ocrx_word' id='word_1_220' title='bbox 312 3194 399 3253; x_wconf 92' lang='lat' dir='ltr'>voles</span> <span class='ocrx_word' id='word_1_221' title='bbox 415 3200 486 3268; x_wconf 90' lang='lat' dir='ltr'>apte</span> <span class='ocrx_word' id='word_1_222' title='bbox 500 3193 630 3268; x_wconf 90' lang='lat' dir='ltr'>nubere,</span> <span class='ocrx_word' id='word_1_223' title='bbox 651 3193 731 3254; x_wconf 91' lang='lat' dir='ltr'>nube</span> <span class='ocrx_word' id='word_1_224' title='bbox 746 3195 821 3269; x_wconf 89' lang='lat' dir='ltr'>puri.</span> 
     </span>
     <span class='ocr_line' id='line_1_35' title="bbox 159 3273 1003 3351; baseline 0 -20"><span class='ocrx_word' id='word_1_225' title='bbox 159 3273 215 3333; x_wconf 92' lang='lat' dir='ltr'>Vir</span> <span class='ocrx_word' id='word_1_226' title='bbox 228 3275 301 3334; x_wconf 91' lang='lat' dir='ltr'>mihi</span> <span class='ocrx_word' id='word_1_227' title='bbox 316 3291 439 3351; x_wconf 88' lang='lat' dir='ltr'>semper</span> <span class='ocrx_word' id='word_1_228' title='bbox 453 3277 552 3348; x_wconf 88' lang='lat' dir='ltr'>abest,</span> <span class='ocrx_word' id='word_1_229' title='bbox 575 3283 605 3336; x_wconf 87' lang='lat' dir='ltr'>et</span> <span class='ocrx_word' id='word_1_230' title='bbox 619 3279 749 3351; x_wconf 84' lang='lat' dir='ltr'>coniuge</span> <span class='ocrx_word' id='word_1_231' title='bbox 763 3278 863 3336; x_wconf 88' lang='lat' dir='ltr'>notior</span> <span class='ocrx_word' id='word_1_232' title='bbox 876 3275 1003 3347; x_wconf 82' lang='lat' dir='ltr'>hospes,</span> 
     </span>
     <span class='ocr_line' id='line_1_36' title="bbox 163 3357 943 3435; baseline -0.004 -19"><span class='ocrx_word' id='word_1_233' title='bbox 163 3405 171 3416; x_wconf 86' lang='lat'><em>.</em></span> <span class='ocrx_word' id='word_1_234' title='bbox 201 3357 400 3433; x_wconf 83' lang='lat' dir='ltr'>Monstraque</span> <span class='ocrx_word' id='word_1_235' title='bbox 415 3361 565 3426; x_wconf 87' lang='lat' dir='ltr'>terribiles</span> <span class='ocrx_word' id='word_1_236' title='bbox 581 3361 837 3435; x_wconf 89' lang='lat' dir='ltr'>persequiturque</span> <span class='ocrx_word' id='word_1_237' title='bbox 851 3359 943 3416; x_wconf 84' lang='lat' dir='ltr'>feras.</span> 
     </span>
     <span class='ocr_line' id='line_1_37' title="bbox 114 3440 854 3518; baseline -0.004 -17"><span class='ocrx_word' id='word_1_238' title='bbox 114 3449 151 3501; x_wconf 81' lang='lat'>35</span> <span class='ocrx_word' id='word_1_239' title='bbox 162 3440 236 3516; x_wconf 88' lang='lat' dir='ltr'>Ipsa</span> <span class='ocrx_word' id='word_1_240' title='bbox 252 3442 344 3503; x_wconf 91' lang='lat' dir='ltr'>domo</span> <span class='ocrx_word' id='word_1_241' title='bbox 361 3445 468 3518; x_wconf 85' lang='lat' dir='ltr'>vidua,</span> <span class='ocrx_word' id='word_1_242' title='bbox 491 3444 569 3514; x_wconf 89' lang='lat' dir='ltr'>votis</span> <span class='ocrx_word' id='word_1_243' title='bbox 585 3451 711 3518; x_wconf 87' lang='lat' dir='ltr'>operata</span> <span class='ocrx_word' id='word_1_244' title='bbox 726 3442 854 3517; x_wconf 88' lang='lat' dir='ltr'>pudicis,</span> 
     </span>
     <span class='ocr_line' id='line_1_38' title="bbox 201 3525 892 3600; baseline -0.003 -16"><span class='ocrx_word' id='word_1_245' title='bbox 201 3525 372 3600; x_wconf 87' lang='lat' dir='ltr'>Torqueor,</span> <span class='ocrx_word' id='word_1_246' title='bbox 395 3527 504 3588; x_wconf 81' lang='lat' dir='ltr'>infesto</span> <span class='ocrx_word' id='word_1_247' title='bbox 521 3543 560 3586; x_wconf 90' lang='lat' dir='ltr'>ne</span> <span class='ocrx_word' id='word_1_248' title='bbox 573 3529 620 3586; x_wconf 89' lang='lat' dir='ltr'>vir</span> <span class='ocrx_word' id='word_1_249' title='bbox 635 3526 673 3586; x_wconf 88' lang='lat' dir='ltr'>ab</span> <span class='ocrx_word' id='word_1_250' title='bbox 688 3527 778 3586; x_wconf 88' lang='lat' dir='ltr'>hoste</span> <span class='ocrx_word' id='word_1_251' title='bbox 794 3525 892 3584; x_wconf 88' lang='lat' dir='ltr'>cadat.</span> 
     </span>
    </p>
   </div>
   <div class='ocr_carea' id='block_1_5' title="bbox 505 3663 821 3808">
    <p class='ocr_par' dir='ltr' id='par_1_5' title="bbox 505 3663 821 3808">
     <span class='ocr_line' id='line_1_39' title="bbox 505 3663 821 3808; baseline 0.035 -74"><span class='ocrx_word' id='word_1_252' title='bbox 505 3663 583 3762; x_wconf 48' lang='lat' dir='ltr'>„ln</span> <span class='ocrx_word' id='word_1_253' title='bbox 595 3665 795 3808; x_wconf 27' lang='lat' dir='ltr'>aa&amp;</span> <span class='ocrx_word' id='word_1_254' title='bbox 814 3727 821 3745; x_wconf 85' lang='grc'><strong>.</strong></span> 
     </span>
     <span class='ocr_line' id='line_1_40' title="bbox 566 3753 674 3793; baseline 0.019 -3"><span class='ocrx_word' id='word_1_255' title='bbox 566 3753 600 3790; x_wconf 64' lang='lat' dir='ltr'>trs</span> <span class='ocrx_word' id='word_1_256' title='bbox 617 3754 674 3793; x_wconf 46' lang='lat' dir='ltr'>&#39;itti</span> 
     </span>
    </p>
   </div>
   <div class='ocr_carea' id='block_1_6' title="bbox 785 3805 799 3856">
    <p class='ocr_par' dir='ltr' id='par_1_6' title="bbox 785 3805 799 3856">
     <span class='ocr_line' id='line_1_41' title="bbox 785 3805 799 3856; baseline 0 0"><span class='ocrx_word' id='word_1_257' title='bbox 785 3805 799 3856; x_wconf 56' lang='lat' dir='ltr'>&#39;l</span> 
     </span>
    </p>
   </div>
   <div class='ocr_carea' id='block_1_7' title="bbox 439 3797 800 3980">
    <p class='ocr_par' dir='ltr' id='par_1_7' title="bbox 439 3797 800 3980">
     <span class='ocr_line' id='line_1_42' title="bbox 439 3797 800 3980; baseline 0.025 -101"><span class='ocrx_word' id='word_1_258' title='bbox 439 3797 755 3980; x_wconf 27' lang='lat' dir='ltr'>&amp;narrasset</span> <span class='ocrx_word' id='word_1_259' title='bbox 772 3845 800 3976; x_wconf 36' lang='lat' dir='ltr'>ry</span> 
     </span>
     <span class='ocr_line' id='line_1_43' title="bbox 600 3913 635 3951; baseline 0 0"><span class='ocrx_word' id='word_1_260' title='bbox 600 3913 635 3951; x_wconf 74' lang='lat' dir='ltr'>or</span> 
     </span>
     <span class='ocr_line' id='line_1_44' title="bbox 522 3953 771 3980; baseline -0.004 0"><span class='ocrx_word' id='word_1_261' title='bbox 522 3961 555 3980; x_wconf 65' lang='lat' dir='ltr'>fl.</span> <span class='ocrx_word' id='word_1_262' title='bbox 681 3966 715 3980; x_wconf 77' lang='grc' dir='ltr'>..ι</span> <span class='ocrx_word' id='word_1_263' title='bbox 754 3953 771 3979; x_wconf 61' lang='lat' dir='ltr'><em>J</em></span> 
     </span>
    </p>
   </div>
   <div class='ocr_carea' id='block_1_8' title="bbox 0 0 1248 4006">
    <p class='ocr_par' dir='ltr' id='par_1_8' title="bbox 0 0 1248 4006">
     <span class='ocr_line' id='line_1_45' title="bbox 0 0 1248 4006; baseline 0 2"><span class='ocrx_word' id='word_1_264' title='bbox 0 0 1248 4006; x_wconf 95' lang='lat' dir='ltr'> </span> 
     </span>
    </p>
   </div>
  </div>
 </body>
</html>
