2488 4006
165 246 206 305 v.
230 232 316 304 our.
340 239 540 304 rso-158.
574 239 860 302 mucronum
883 240 1017 305 1-oo.
1064 241 1110 308 ee
1162 229 1166 234 “

166 395 308 456 Protinus
320 394 624 467 exilui,·tunieisque
639 408 658 452 a
673 399 798 468 pectore
811 394 909 468 ruptis

209 480 320 549 ‘Vivit
344 482 395 537 uu’
414 478 552 548 exclamo
569 480 631 536 ‘me
646 493 769 554 quoque
785 478 847 537 iata
863 481 1006 538 vocantu

167 563 275 623 ‘Vivit'
292 562 342 622 ait.
364 559 651 638 timidumquemihi
665 561 767 633 iurare
782 562 880 636 coegi.

124 655 160 710 30
213 647 274 707 Vix
289 646 362 706 milri
378 652 455 706 teste
470 645 530 720 deo
546 644 662 705 credite
675 645 739 704 vita
754 651 807 704 tuo
822 650 880 706 est.

110 731 268 805 -thue
282 729 401 790 animus
417 729 520 802 rediit,
541 736 593 788 tua
606 729 687 788 iacta
699 729 856 805 requirere
872 730 971 805 coepi.

111 845 156 856 -
209 814 317 874 Narrat
331 814 499 888 aenipedes
512 813 618 872 Martis
633 828 741 873 arasse
755 812 863 885 boves,

111 929 156 942 ·-
167 897 322 972 Vipereos
337 897 445 958 dentes
461 898 491 956 in
506 897 631 956 numum
646 913 702 971 pro
720 896 837 957 semine
851 896 957 973 iactos,

109 1013 155 1026 ··-·
207 980 244 1040 Et
259 981 360 1041 subito
376 987 465 1041 natos
481 996 565 1040 arma
578 979 687 1040 tulisse
702 979 800 1040 viros:

77 1073 158 1125 —35
170 1063 351 1138 Terrigenas
367 1065 499 1138 populos
516 1063 597 1122 civili
613 1071 713 1122 marte.
722 1067 877 1137 peremtus
950 1066 953 1071 '

110 1181 156 1192 --
208 1146 348 1220 Inplesse
364 1147 471 1206 aetatis
487 1147 548 1206 ieta
563 1146 673 1218 diurna
687 1161 773 1204 suae.

109 1229 310 1288 —Devictus
326 1244 466 1303 serpens.
488 1231 611 1298 iterum,
633 1228 659 1288 si
675 1229 761 1286 vivut
774 1229 876 1303 lason,

111 1347 155 1358 -
209 1313 399 1386 Quaerimus.
421 1313 571 1372 alternant
586 1327 723 1386 spesque
738 1313 890 1386 timorque
906 1312 1010 1372 fidem.

169 1396 295 1470 Singula
310 1397 382 1455 dum
397 1402 512 1469 narrat,
535 1395 637 1455 studio
652 1410 808 1470 cursuque
824 1397 970 1472 loquendi

123 1490 160 1542 40
212 1480 333 1554 Detegit
347 1479 470 1554 ingenio
488 1481 613 1539 vulnera
629 1486 735 1538 nostra
751 1495 819 1540 suo.

66 1635 69 1644 Ι
166 1563 267 1636 Heus,
290 1561 343 1622 ubi
357 1571 449 1637 pacta
464 1563 566 1628 fides?
585 1561 638 1622 ubi
655 1561 849 1622 connubialis
863 1564 938 1638 iuro,

209 1645 350 1721 Faxque,
374 1645 432 1704 sub
447 1661 572 1716 arsuros
588 1645 711 1720 dignior
724 1647 768 1706 ire
783 1654 900 1720 rogos‘t

168 1729 234 1790 Non
250 1743 308 1802 ego
326 1745 393 1788 sum
408 1729 487 1788 iurto
504 1727 556 1786 tibi
570 1730 703 1802 cognitu.
725 1730 865 1804 pronuba
878 1731 953 1792 luno

210 1811 307 1872 Affuit
325 1818 355 1871 et
370 1813 459 1872 sertis
474 1819 612 1886 tempora
628 1813 748 1872 vinctus
763 1812 894 1888 Hymen.

125 1905 160 1958 45
172 1898 214 1956 nt
226 1893 299 1954 mihi
313 1910 371 1956 uec
388 1896 478 1969 Iuno,
498 1910 555 1955 nec
569 1895 706 1971 Hymen,
729 1895 785 1955 sed
800 1898 893 1956 tristis
909 1897 1026 1975 Erinys·

210 1980 354 2040 Praetulit
370 1979 521 2039 infaustas
537 1980 771 2054 sanguinolenta
786 1980 880 2039 iaces.

169 2063 248 2136 Quid
261 2061 332 2122 mihi
349 2079 416 2122 oum
431 2063 558 2138 Minyis,
581 2064 655 2137 quid
670 2079 738 2122 cum
752 2063 907 2124 Tritonide
923 2065 1017 2140 pinut

212 2145 289 2219 Quid
304 2145 357 2206 tibi
373 2161 442 2206 cum
457 2148 569 2223 petria,
589 2147 692 2207 navita
705 2145 814 2226 Tiphy,
835 2155 925 2208 meat

169 2231 234 2289 Non
251 2235 316 2288 erat
330 2229 381 2288 hic
395 2231 476 2289 aries
493 2231 564 2289 villo
580 2229 757 2306 spectabilis
773 2245 875 2306 aureo,

125 2323 162 2375 50
213 2313 276 2372 Neo
292 2314 375 2372 senis
390 2315 506 2373 Aeetae
523 2314 607 2388 regie
624 2313 758 2374 Lemnos
774 2321 849 2373 erat.

170 2397 259 2456 Certa
273 2396 315 2454 lui
331 2397 460 2471 primu...
477 2397 532 2456 sed
547 2412 597 2456 me
613 2399 692 2457 mala
708 2397 770 2456 iata
782 2397 972 2457 trahebant...

210 2479 341 2553 Hospita
355 2480 487 2540 leminea
501 2481 616 2555 pellere
635 2487 737 2541 castra
753 2495 854 2542 manu.

166 2562 414 2638 Lemniadesque
427 2564 526 2637 viros,
547 2561 672 2626 nimium
689 2579 827 2640 quoque,
847 2564 971 2624 vincere
985 2573 1108 2626 norunt.

210 2645 305 2705 utilite
320 2654 381 2706 tum
395 2647 464 2708 sorti
481 2661 575 2707 ceusu
589 2649 703 2708 tuenda
718 2648 781 2707 luit.

125 2738 160 2791 55
171 2728 254 2789 Urbe
268 2729 367 2789 virum
384 2731 462 2804 vidi,
485 2737 627 2807 tectoque
643 2732 808 2805 animoque
822 2730 935 2806 recepi.

210 2812 267 2872 Hic
284 2813 337 2872 tibi
353 2811 465 2889 bisque
479 2821 581 2874 aestas
596 2815 708 2890 bisque
725 2817 856 2874 cucurrit
870 2814 1000 2889 hiemps.

83 2940 88 2946 .
166 2893 266 2954 Tertia
283 2899 394 2958 messis
411 2903 489 2971 erut,
513 2914 581 2958 cum
596 2900 717 2958 tudere
732 2901 940 2959 velacoactus

132 3017 135 3021 -
210 2979 346 3054 implesti
360 2982 493 3040 lacrimis
509 2983 579 3041 talia
593 2981 689 3042 verbo
703 2983 763 3042 tuis

169 3061 366 3138 ‘Abstrahon
386 3065 573 3143 Hypsipyle.
596 3067 653 3127 sed
668 3066 742 3126 dent
756 3067 850 3127 modo
869 3068 931 3128 iate
950 3081 1108 3138 recursus,

123 3146 899 3226 fflwmmmwwmm.

170 3228 257 3302 Quod
271 3238 373 3292 tomen
388 3249 405 3292 e
420 3233 510 3293 nobis
526 3234 655 3307 gravida
670 3235 785 3294 celatur
800 3235 831 3293 in
847 3236 928 3304 alvu,

211 3313 317 3398 Vivat,
341 3322 370 3375 et
385 3316 523 3376 eiusdem
538 3317 635 3377 simus
650 3324 777 3392 uterque
793 3320 927 3391 parens?

167 3395 332 3458 Hactenus.
356 3405 387 3459 et
401 3401 533 3460 lacrimis
549 3401 579 3460 in
594 3401 674 3462 ialsa
689 3399 870 3461 cudentibus
886 3415 939 3458 ora

211 3480 319 3542 Cetera
334 3489 363 3542 te
377 3485 500 3544 memini
515 3502 576 3545 non
592 3483 732 3561 potuisse
747 3482 841 3560 loqui.
