<?xml version="1.0" encoding="UTF-8"?>
<!DOCTYPE html PUBLIC "-//W3C//DTD XHTML 1.0 Transitional//EN"
    "http://www.w3.org/TR/xhtml1/DTD/xhtml1-transitional.dtd">
<html xmlns="http://www.w3.org/1999/xhtml" xml:lang="en" lang="en">
 <head>
  <title>
</title>
<meta http-equiv="Content-Type" content="text/html;charset=utf-8" />
  <meta name='ocr-system' content='tesseract 3.04.00' />
  <meta name='ocr-capabilities' content='ocr_page ocr_carea ocr_par ocr_line ocrx_word'/>
</head>
<body>
  <div class='ocr_page' id='page_1' title='image "./povidiusnaso02merkgoog_0242.png"; bbox 0 0 2498 4008; ppageno 0'>
   <div class='ocr_carea' id='block_1_1' title="bbox 459 205 732 332">
    <p class='ocr_par' dir='ltr' id='par_1_1' title="bbox 458 205 732 332">
     <span class='ocr_line' id='line_1_1' title="bbox 459 205 732 332; baseline 0 -32"><span class='ocrx_word' id='word_1_1' title='bbox 459 205 513 313; x_wconf 89' lang='grc' dir='ltr'>111,Ι</span> <span class='ocrx_word' id='word_1_2' title='bbox 533 235 646 332; x_wconf 77' lang='grc'>555-</span> <span class='ocrx_word' id='word_1_3' title='bbox 659 239 732 303; x_wconf 86' lang='lat' dir='ltr'>aco.</span> 
     </span>
    </p>
   </div>
   <div class='ocr_carea' id='block_1_2' title="bbox 23 390 1114 3544">
    <p class='ocr_par' dir='ltr' id='par_1_2' title="bbox 23 390 1114 3544">
     <span class='ocr_line' id='line_1_2' title="bbox 169 390 885 469; baseline 0.001 -17"><span class='ocrx_word' id='word_1_4' title='bbox 169 392 253 452; x_wconf 85' lang='lat' dir='ltr'>Saxa</span> <span class='ocrx_word' id='word_1_5' title='bbox 267 397 319 451; x_wconf 86' lang='lat' dir='ltr'>tuo</span> <span class='ocrx_word' id='word_1_6' title='bbox 335 396 439 465; x_wconf 88' lang='lat' dir='ltr'>cantu,</span> <span class='ocrx_word' id='word_1_7' title='bbox 462 390 576 450; x_wconf 89' lang='lat' dir='ltr'>vindex</span> <span class='ocrx_word' id='word_1_8' title='bbox 590 391 756 452; x_wconf 83' lang='lat' dir='ltr'>iustissime</span> <span class='ocrx_word' id='word_1_9' title='bbox 771 392 885 469; x_wconf 85' lang='lat' dir='ltr'>matris,</span> 
     </span>
     <span class='ocr_line' id='line_1_3' title="bbox 208 474 757 536; baseline 0 0"><span class='ocrx_word' id='word_1_10' title='bbox 208 474 359 536; x_wconf 85' lang='lat' dir='ltr'>Fecerant</span> <span class='ocrx_word' id='word_1_11' title='bbox 372 490 477 535; x_wconf 91' lang='lat' dir='ltr'>muros</span> <span class='ocrx_word' id='word_1_12' title='bbox 492 474 633 536; x_wconf 83' lang='lat' dir='ltr'>officiosa</span> <span class='ocrx_word' id='word_1_13' title='bbox 646 491 757 536; x_wconf 89' lang='lat' dir='ltr'>novos.</span> 
     </span>
     <span class='ocr_line' id='line_1_4' title="bbox 105 558 883 634; baseline -0.006 -11"><span class='ocrx_word' id='word_1_14' title='bbox 105 558 314 632; x_wconf 72' lang='grc' dir='ltr'>3550115111νί5</span> <span class='ocrx_word' id='word_1_15' title='bbox 360 563 430 618; x_wconf 88' lang='lat' dir='ltr'>utus</span> <span class='ocrx_word' id='word_1_16' title='bbox 446 563 525 630; x_wconf 88' lang='lat' dir='ltr'>erat,</span> <span class='ocrx_word' id='word_1_17' title='bbox 546 559 615 619; x_wconf 87' lang='lat' dir='ltr'>voci</span> <span class='ocrx_word' id='word_1_18' title='bbox 631 559 747 620; x_wconf 87' lang='lat' dir='ltr'>lavisse</span> <span class='ocrx_word' id='word_1_19' title='bbox 763 565 883 634; x_wconf 89' lang='lat' dir='ltr'>putatur</span> 
     </span>
     <span class='ocr_line' id='line_1_5' title="bbox 205 640 940 720; baseline 0.004 -20.016"><span class='ocrx_word' id='word_1_20' title='bbox 205 641 323 713; x_wconf 78' lang='lat' dir='ltr'>Pissia,</span> <span class='ocrx_word' id='word_1_21' title='bbox 372 641 489 700; x_wconf 90' lang='lat' dir='ltr'>rioniae</span> <span class='ocrx_word' id='word_1_22' title='bbox 503 640 606 700; x_wconf 86' lang='lat' dir='ltr'>sabula</span> <span class='ocrx_word' id='word_1_23' title='bbox 619 649 693 702; x_wconf 86' lang='lat' dir='ltr'>nota</span> <span class='ocrx_word' id='word_1_24' title='bbox 706 643 815 720; x_wconf 85' lang='lat' dir='ltr'>lyrae..</span> <span class='ocrx_word' id='word_1_25' title='bbox 936 706 940 712; x_wconf 72' lang='grc'>,</span> 
     </span>
     <span class='ocr_line' id='line_1_6' title="bbox 168 713 872 821; baseline -0.001 -36"><span class='ocrx_word' id='word_1_26' title='bbox 168 725 260 786; x_wconf 86' lang='lat' dir='ltr'>Disce</span> <span class='ocrx_word' id='word_1_27' title='bbox 276 724 366 784; x_wconf 88' lang='lat' dir='ltr'>etiam</span> <span class='ocrx_word' id='word_1_28' title='bbox 380 713 495 799; x_wconf 79' lang='lat' dir='ltr'>duplici</span> <span class='ocrx_word' id='word_1_29' title='bbox 509 724 639 800; x_wconf 79' lang='lat' dir='ltr'>genialia</span> <span class='ocrx_word' id='word_1_30' title='bbox 654 725 755 786; x_wconf 83' lang='lat' dir='ltr'>nablia</span> <span class='ocrx_word' id='word_1_31' title='bbox 770 728 872 821; x_wconf 81' lang='lat' dir='ltr'>palma</span> 
     </span>
     <span class='ocr_line' id='line_1_7' title="bbox 211 807 954 870; baseline 0 -3"><span class='ocrx_word' id='word_1_32' title='bbox 211 810 352 867; x_wconf 89' lang='lat' dir='ltr'>Verrere</span> <span class='ocrx_word' id='word_1_33' title='bbox 375 808 561 868; x_wconf 84' lang='lat' dir='ltr'>conveniunt</span> <span class='ocrx_word' id='word_1_34' title='bbox 575 807 713 868; x_wconf 81' lang='lat' dir='ltr'>dulcibus</span> <span class='ocrx_word' id='word_1_35' title='bbox 729 809 802 868; x_wconf 87' lang='lat' dir='ltr'>illa</span> <span class='ocrx_word' id='word_1_36' title='bbox 795 809 881 870; x_wconf 84' lang='lat' dir='ltr'>iocis.</span> <span class='ocrx_word' id='word_1_37' title='bbox 952 836 954 840; x_wconf 95' lang='lat'>·</span> 
     </span>
     <span class='ocr_line' id='line_1_8' title="bbox 169 890 837 966; baseline 0.001 -15"><span class='ocrx_word' id='word_1_38' title='bbox 169 891 215 952; x_wconf 88' lang='lat' dir='ltr'>Sit</span> <span class='ocrx_word' id='word_1_39' title='bbox 229 891 282 950; x_wconf 92' lang='lat' dir='ltr'>tibi</span> <span class='ocrx_word' id='word_1_40' title='bbox 297 890 485 963; x_wconf 83' lang='lat' dir='ltr'>Callimachi,</span> <span class='ocrx_word' id='word_1_41' title='bbox 510 893 549 951; x_wconf 88' lang='lat' dir='ltr'>sit</span> <span class='ocrx_word' id='word_1_42' title='bbox 560 891 616 952; x_wconf 77' lang='lat' dir='ltr'>¹Coi</span> <span class='ocrx_word' id='word_1_43' title='bbox 631 899 704 952; x_wconf 87' lang='lat' dir='ltr'>nota</span> <span class='ocrx_word' id='word_1_44' title='bbox 718 899 837 966; x_wconf 89' lang='lat' dir='ltr'>poetae,</span> 
     </span>
     <span class='ocr_line' id='line_1_9' title="bbox 105 974 807 1048; baseline -0.004 -12"><span class='ocrx_word' id='word_1_45' title='bbox 105 984 157 1036; x_wconf 85' lang='grc'>330</span> <span class='ocrx_word' id='word_1_46' title='bbox 211 974 257 1034; x_wconf 87' lang='lat' dir='ltr'>Sit</span> <span class='ocrx_word' id='word_1_47' title='bbox 272 989 396 1048; x_wconf 89' lang='lat' dir='ltr'>quoque</span> <span class='ocrx_word' id='word_1_48' title='bbox 410 975 511 1036; x_wconf 90' lang='lat' dir='ltr'>vinosi</span> <span class='ocrx_word' id='word_1_49' title='bbox 524 975 597 1034; x_wconf 90' lang='lat' dir='ltr'>Teia</span> <span class='ocrx_word' id='word_1_50' title='bbox 610 975 699 1036; x_wconf 87' lang='lat' dir='ltr'>Musa</span> <span class='ocrx_word' id='word_1_51' title='bbox 715 976 807 1035; x_wconf 87' lang='lat' dir='ltr'>senis.</span> 
     </span>
     <span class='ocr_line' id='line_1_10' title="bbox 168 1050 988 1132; baseline -0.002 -16"><span class='ocrx_word' id='word_1_52' title='bbox 168 1058 246 1118; x_wconf 89' lang='lat' dir='ltr'>Nota</span> <span class='ocrx_word' id='word_1_53' title='bbox 261 1057 301 1116; x_wconf 84' lang='lat' dir='ltr'>sit</span> <span class='ocrx_word' id='word_1_54' title='bbox 315 1063 345 1116; x_wconf 85' lang='lat' dir='ltr'>et</span> <span class='ocrx_word' id='word_1_55' title='bbox 359 1056 523 1132; x_wconf 87' lang='lat' dir='ltr'>Sappho,..</span> <span class='ocrx_word' id='word_1_56' title='bbox 549 1058 623 1132; x_wconf 91' lang='lat' dir='ltr'>quid</span> <span class='ocrx_word' id='word_1_57' title='bbox 638 1061 718 1117; x_wconf 92' lang='lat' dir='ltr'>enim</span> <span class='ocrx_word' id='word_1_58' title='bbox 735 1057 880 1118; x_wconf 88' lang='lat' dir='ltr'>lascivius</span> <span class='ocrx_word' id='word_1_59' title='bbox 895 1050 988 1116; x_wconf 79' lang='lat' dir='ltr'>alar..</span> 
     </span>
     <span class='ocr_line' id='line_1_11' title="bbox 213 1141 829 1213; baseline -0.002 -15"><span class='ocrx_word' id='word_1_60' title='bbox 213 1141 308 1198; x_wconf 84' lang='lat' dir='ltr'>Cuive</span> <span class='ocrx_word' id='word_1_61' title='bbox 324 1146 410 1213; x_wconf 89' lang='lat' dir='ltr'>pater</span> <span class='ocrx_word' id='word_1_62' title='bbox 424 1141 503 1198; x_wconf 90' lang='lat' dir='ltr'>valri</span> <span class='ocrx_word' id='word_1_63' title='bbox 518 1141 630 1200; x_wconf 78' lang='lat' dir='ltr'>luditur</span> <span class='ocrx_word' id='word_1_64' title='bbox 645 1149 710 1200; x_wconf 90' lang='lat' dir='ltr'>arte</span> <span class='ocrx_word' id='word_1_65' title='bbox 727 1142 829 1200; x_wconf 87' lang='lat' dir='ltr'>Getae.</span> 
     </span>
     <span class='ocr_line' id='line_1_12' title="bbox 168 1221 862 1297; baseline 0.001 -17"><span class='ocrx_word' id='word_1_66' title='bbox 168 1223 206 1282; x_wconf 88' lang='lat' dir='ltr'>Et</span> <span class='ocrx_word' id='word_1_67' title='bbox 220 1221 315 1280; x_wconf 90' lang='lat' dir='ltr'>teneri</span> <span class='ocrx_word' id='word_1_68' title='bbox 330 1222 435 1295; x_wconf 86' lang='lat' dir='ltr'>possis</span> <span class='ocrx_word' id='word_1_69' title='bbox 452 1237 574 1280; x_wconf 90' lang='lat' dir='ltr'>carmen</span> <span class='ocrx_word' id='word_1_70' title='bbox 588 1223 702 1296; x_wconf 80' lang='lat' dir='ltr'>legisse</span> <span class='ocrx_word' id='word_1_71' title='bbox 716 1223 862 1297; x_wconf 87' lang='lat' dir='ltr'>Properti,</span> 
     </span>
     <span class='ocr_line' id='line_1_13' title="bbox 214 1304 904 1379; baseline 0.001 -15"><span class='ocrx_word' id='word_1_72' title='bbox 214 1304 287 1364; x_wconf 87' lang='lat' dir='ltr'>Sive</span> <span class='ocrx_word' id='word_1_73' title='bbox 305 1304 420 1379; x_wconf 90' lang='lat' dir='ltr'>aliquid</span> <span class='ocrx_word' id='word_1_74' title='bbox 435 1304 526 1378; x_wconf 89' lang='lat' dir='ltr'>Galli</span> <span class='ocrx_word' id='word_1_75' title='bbox 549 1305 630 1378; x_wconf 88' lang='lat' dir='ltr'>sive,</span> <span class='ocrx_word' id='word_1_76' title='bbox 652 1305 783 1376; x_wconf 85' lang='lat' dir='ltr'>Tibulle,</span> <span class='ocrx_word' id='word_1_77' title='bbox 806 1312 904 1364; x_wconf 84' lang='lat' dir='ltr'>tuum=</span> 
     </span>
     <span class='ocr_line' id='line_1_14' title="bbox 96 1388 808 1464; baseline -0.004 -13"><span class='ocrx_word' id='word_1_78' title='bbox 96 1398 157 1451; x_wconf 88' lang='grc'>-335</span> <span class='ocrx_word' id='word_1_79' title='bbox 168 1389 236 1449; x_wconf 84' lang='lat' dir='ltr'>Dict</span> <span class='ocrx_word' id='word_1_80' title='bbox 224 1395 317 1462; x_wconf 86' lang='lat' dir='ltr'>taque</span> <span class='ocrx_word' id='word_1_81' title='bbox 331 1388 461 1448; x_wconf 89' lang='lat' dir='ltr'>Varroni</span> <span class='ocrx_word' id='word_1_82' title='bbox 477 1388 591 1448; x_wconf 77' lang='lat' dir='ltr'>ludvis</span> <span class='ocrx_word' id='word_1_83' title='bbox 583 1389 714 1464; x_wconf 81' lang='lat' dir='ltr'>insignia</span> <span class='ocrx_word' id='word_1_84' title='bbox 728 1389 808 1448; x_wconf 90' lang='lat' dir='ltr'>villis</span> 
     </span>
     <span class='ocr_line' id='line_1_15' title="bbox 212 1471 981 1559; baseline -0.005 -29"><span class='ocrx_word' id='word_1_85' title='bbox 212 1472 350 1542; x_wconf 85' lang='lat' dir='ltr'>Vellera,</span> <span class='ocrx_word' id='word_1_86' title='bbox 374 1487 552 1546; x_wconf 88' lang='lat' dir='ltr'>germanae,</span> <span class='ocrx_word' id='word_1_87' title='bbox 573 1471 700 1545; x_wconf 84' lang='lat' dir='ltr'>Phrixe,</span> <span class='ocrx_word' id='word_1_88' title='bbox 723 1471 880 1559; x_wconf 90' lang='lat' dir='ltr'>querenda</span> <span class='ocrx_word' id='word_1_89' title='bbox 896 1479 981 1532; x_wconf 72' lang='lat' dir='ltr'>tuae:</span> 
     </span>
     <span class='ocr_line' id='line_1_16' title="bbox 168 1538 962 1631; baseline 0 -18"><span class='ocrx_word' id='word_1_90' title='bbox 168 1555 206 1614; x_wconf 85' lang='lat' dir='ltr'>Et</span> <span class='ocrx_word' id='word_1_91' title='bbox 221 1554 384 1630; x_wconf 80' lang='lat' dir='ltr'>profugum</span> <span class='ocrx_word' id='word_1_92' title='bbox 397 1555 539 1628; x_wconf 87' lang='lat' dir='ltr'>Aenean,</span> <span class='ocrx_word' id='word_1_93' title='bbox 564 1556 641 1614; x_wconf 90' lang='lat' dir='ltr'>altae</span> <span class='ocrx_word' id='word_1_94' title='bbox 657 1555 824 1631; x_wconf 86' lang='lat' dir='ltr'>primordia</span> <span class='ocrx_word' id='word_1_95' title='bbox 837 1538 962 1628; x_wconf 81' lang='lat' dir='ltr'>Romae,</span> 
     </span>
     <span class='ocr_line' id='line_1_17' title="bbox 86 1637 839 1713; baseline 0.001 -16"><span class='ocrx_word' id='word_1_96' title='bbox 86 1658 118 1671; x_wconf 93' lang='lat'>··</span> <span class='ocrx_word' id='word_1_97' title='bbox 213 1638 278 1710; x_wconf 82' lang='lat' dir='ltr'>Quo</span> <span class='ocrx_word' id='word_1_98' title='bbox 293 1638 409 1696; x_wconf 90' lang='lat' dir='ltr'>nullum</span> <span class='ocrx_word' id='word_1_99' title='bbox 424 1638 510 1697; x_wconf 90' lang='lat' dir='ltr'>Latio</span> <span class='ocrx_word' id='word_1_100' title='bbox 526 1637 704 1697; x_wconf 90' lang='lat' dir='ltr'>clariust</span> <span class='ocrx_word' id='word_1_101' title='bbox 652 1645 724 1699; x_wconf 85' lang='lat' dir='ltr'>exta</span> <span class='ocrx_word' id='word_1_102' title='bbox 705 1645 839 1713; x_wconf 87' lang='lat' dir='ltr'>at.opus</span> 
     </span>
     <span class='ocr_line' id='line_1_18' title="bbox 169 1721 921 1793; baseline 0 -13"><span class='ocrx_word' id='word_1_103' title='bbox 169 1721 309 1781; x_wconf 84' lang='lat' dir='ltr'>Forsitan</span> <span class='ocrx_word' id='word_1_104' title='bbox 327 1727 357 1780; x_wconf 92' lang='lat' dir='ltr'>et</span> <span class='ocrx_word' id='word_1_105' title='bbox 372 1725 510 1780; x_wconf 87' lang='lat' dir='ltr'>nostrum</span> <span class='ocrx_word' id='word_1_106' title='bbox 528 1735 638 1778; x_wconf 91' lang='lat' dir='ltr'>nomen</span> <span class='ocrx_word' id='word_1_107' title='bbox 654 1723 831 1782; x_wconf 77' lang='lat' dir='ltr'>miscebitur</span> <span class='ocrx_word' id='word_1_108' title='bbox 844 1721 921 1793; x_wconf 86' lang='lat' dir='ltr'>istis,</span> 
     </span>
     <span class='ocr_line' id='line_1_19' title="bbox 105 1802 1017 1880; baseline -0.004 -14"><span class='ocrx_word' id='word_1_109' title='bbox 105 1813 158 1866; x_wconf 84' lang='grc'>340</span> <span class='ocrx_word' id='word_1_110' title='bbox 210 1805 272 1863; x_wconf 89' lang='grc' dir='ltr'>Ν55</span> <span class='ocrx_word' id='word_1_111' title='bbox 287 1818 356 1862; x_wconf 88' lang='lat' dir='ltr'>mea</span> <span class='ocrx_word' id='word_1_112' title='bbox 369 1802 511 1862; x_wconf 81' lang='lat' dir='ltr'>Lethaeis</span> <span class='ocrx_word' id='word_1_113' title='bbox 528 1802 642 1876; x_wconf 89' lang='lat' dir='ltr'>scripta</span> <span class='ocrx_word' id='word_1_114' title='bbox 657 1805 809 1865; x_wconf 89' lang='lat' dir='ltr'>dabuntur</span> <span class='ocrx_word' id='word_1_115' title='bbox 823 1806 928 1878; x_wconf 79' lang='lat' dir='ltr'>aquis:</span> <span class='ocrx_word' id='word_1_116' title='bbox 1016 1877 1017 1880; x_wconf 8' lang='grc' dir='ltr'><strong>Ἴ</strong></span> 
     </span>
     <span class='ocr_line' id='line_1_20' title="bbox 170 1877 952 1962; baseline -0.005 -15"><span class='ocrx_word' id='word_1_117' title='bbox 170 1888 274 1962; x_wconf 85' lang='lat' dir='ltr'>Atque</span> <span class='ocrx_word' id='word_1_118' title='bbox 289 1886 400 1961; x_wconf 89' lang='lat' dir='ltr'>aliquis</span> <span class='ocrx_word' id='word_1_119' title='bbox 417 1885 497 1945; x_wconf 90' lang='lat' dir='ltr'>dicet</span> <span class='ocrx_word' id='word_1_120' title='bbox 513 1887 622 1946; x_wconf 72' lang='lat' dir='ltr'>‘nostri</span> <span class='ocrx_word' id='word_1_121' title='bbox 637 1877 705 1960; x_wconf 86' lang='lat' dir='ltr'>lege</span> <span class='ocrx_word' id='word_1_122' title='bbox 721 1888 801 1947; x_wconf 88' lang='lat' dir='ltr'>culta</span> <span class='ocrx_word' id='word_1_123' title='bbox 815 1885 952 1960; x_wconf 85' lang='lat' dir='ltr'>magistri</span> 
     </span>
     <span class='ocr_line' id='line_1_21' title="bbox 214 1967 886 2044; baseline -0.002 -14"><span class='ocrx_word' id='word_1_124' title='bbox 214 1968 367 2044; x_wconf 85' lang='lat' dir='ltr'>Carmina,</span> <span class='ocrx_word' id='word_1_125' title='bbox 393 1967 461 2044; x_wconf 88' lang='lat' dir='ltr'>quis</span> <span class='ocrx_word' id='word_1_126' title='bbox 477 1977 580 2044; x_wconf 88' lang='lat' dir='ltr'>partes</span> <span class='ocrx_word' id='word_1_127' title='bbox 595 1971 714 2029; x_wconf 89' lang='lat' dir='ltr'>instruit</span> <span class='ocrx_word' id='word_1_128' title='bbox 728 1969 778 2030; x_wconf 91' lang='lat' dir='ltr'>ille</span> <span class='ocrx_word' id='word_1_129' title='bbox 794 1969 886 2030; x_wconf 85' lang='lat' dir='ltr'>duas:</span> 
     </span>
     <span class='ocr_line' id='line_1_22' title="bbox 170 2049 1114 2129; baseline -0.004 -15"><span class='ocrx_word' id='word_1_130' title='bbox 170 2056 255 2114; x_wconf 89' lang='lat' dir='ltr'>Deve</span> <span class='ocrx_word' id='word_1_131' title='bbox 269 2054 365 2114; x_wconf 84' lang='lat' dir='ltr'>tribus</span> <span class='ocrx_word' id='word_1_132' title='bbox 380 2053 480 2129; x_wconf 87' lang='lat' dir='ltr'>libris,</span> <span class='ocrx_word' id='word_1_133' title='bbox 505 2054 606 2114; x_wconf 89' lang='lat' dir='ltr'>titulus</span> <span class='ocrx_word' id='word_1_134' title='bbox 623 2069 702 2127; x_wconf 92' lang='lat' dir='ltr'>quos</span> <span class='ocrx_word' id='word_1_135' title='bbox 718 2053 818 2128; x_wconf 88' lang='lat' dir='ltr'>signat</span> <span class='ocrx_word' id='word_1_136' title='bbox 830 2049 1032 2123; x_wconf 81' lang='lat' dir='ltr'>Amorum,</span> <span class='ocrx_word' id='word_1_137' title='bbox 1068 2081 1114 2092; x_wconf 87' lang='lat'><em>-</em></span> 
     </span>
     <span class='ocr_line' id='line_1_23' title="bbox 212 2137 858 2211; baseline -0.006 -15"><span class='ocrx_word' id='word_1_138' title='bbox 212 2138 313 2211; x_wconf 85' lang='lat' dir='ltr'>Elige,</span> <span class='ocrx_word' id='word_1_139' title='bbox 338 2137 422 2210; x_wconf 92' lang='lat' dir='ltr'>quod</span> <span class='ocrx_word' id='word_1_140' title='bbox 438 2137 529 2196; x_wconf 90' lang='lat' dir='ltr'>docili</span> <span class='ocrx_word' id='word_1_141' title='bbox 543 2137 673 2196; x_wconf 92' lang='lat' dir='ltr'>molliter</span> <span class='ocrx_word' id='word_1_142' title='bbox 689 2152 742 2196; x_wconf 89' lang='lat' dir='ltr'>ore</span> <span class='ocrx_word' id='word_1_143' title='bbox 757 2138 858 2210; x_wconf 85' lang='lat' dir='ltr'>legas:</span> 
     </span>
     <span class='ocr_line' id='line_1_24' title="bbox 23 2218 894 2294; baseline -0.011 -10"><span class='ocrx_word' id='word_1_144' title='bbox 23 2287 26 2292; x_wconf 15' lang='grc' dir='ltr'><strong>Δ</strong></span> <span class='ocrx_word' id='word_1_145' title='bbox 107 2229 159 2284; x_wconf 78' lang='grc'>345</span> <span class='ocrx_word' id='word_1_146' title='bbox 170 2221 230 2281; x_wconf 89' lang='lat' dir='ltr'>Vel</span> <span class='ocrx_word' id='word_1_147' title='bbox 243 2218 296 2280; x_wconf 90' lang='lat' dir='ltr'>tibi</span> <span class='ocrx_word' id='word_1_148' title='bbox 312 2221 484 2294; x_wconf 86' lang='lat' dir='ltr'>composita</span> <span class='ocrx_word' id='word_1_149' title='bbox 500 2227 635 2280; x_wconf 88' lang='lat' dir='ltr'>cantetur</span> <span class='ocrx_word' id='word_1_150' title='bbox 648 2220 788 2294; x_wconf 81' lang='lat' dir='ltr'>Epistola</span> <span class='ocrx_word' id='word_1_151' title='bbox 801 2235 894 2280; x_wconf 78' lang='lat' dir='ltr'>voce:</span> 
     </span>
     <span class='ocr_line' id='line_1_25' title="bbox 213 2303 830 2378; baseline 0.002 -17"><span class='ocrx_word' id='word_1_152' title='bbox 213 2304 353 2378; x_wconf 88' lang='lat' dir='ltr'>Ignotum</span> <span class='ocrx_word' id='word_1_153' title='bbox 367 2303 427 2364; x_wconf 88' lang='lat' dir='ltr'>hoe</span> <span class='ocrx_word' id='word_1_154' title='bbox 442 2303 509 2362; x_wconf 90' lang='lat' dir='ltr'>aliis</span> <span class='ocrx_word' id='word_1_155' title='bbox 524 2303 574 2362; x_wconf 92' lang='lat' dir='ltr'>ille</span> <span class='ocrx_word' id='word_1_156' title='bbox 588 2305 713 2364; x_wconf 90' lang='lat' dir='ltr'>novavit</span> <span class='ocrx_word' id='word_1_157' title='bbox 728 2307 830 2378; x_wconf 67' lang='lat' dir='ltr'>opus!</span> 
     </span>
     <span class='ocr_line' id='line_1_26' title="bbox 174 2385 1033 2461; baseline -0.006 -15"><span class='ocrx_word' id='word_1_158' title='bbox 174 2387 267 2460; x_wconf 86' lang='lat' dir='ltr'>Oita,</span> <span class='ocrx_word' id='word_1_159' title='bbox 289 2385 427 2460; x_wconf 87' lang='lat' dir='ltr'>Phoebe,</span> <span class='ocrx_word' id='word_1_160' title='bbox 449 2385 543 2446; x_wconf 88' lang='lat' dir='ltr'>velis!</span> <span class='ocrx_word' id='word_1_161' title='bbox 568 2387 609 2446; x_wconf 87' lang='lat' dir='ltr'>ita</span> <span class='ocrx_word' id='word_1_162' title='bbox 624 2403 696 2460; x_wconf 91' lang='lat' dir='ltr'>vos,</span> <span class='ocrx_word' id='word_1_163' title='bbox 717 2387 768 2461; x_wconf 91' lang='lat' dir='ltr'>pia</span> <span class='ocrx_word' id='word_1_164' title='bbox 781 2386 905 2446; x_wconf 90' lang='lat' dir='ltr'>numina</span> <span class='ocrx_word' id='word_1_165' title='bbox 921 2392 1033 2452; x_wconf 88' lang='lat' dir='ltr'>vatum,</span> 
     </span>
     <span class='ocr_line' id='line_1_27' title="bbox 213 2469 912 2544; baseline -0.003 -16"><span class='ocrx_word' id='word_1_166' title='bbox 213 2469 345 2542; x_wconf 87' lang='lat' dir='ltr'>Insignis</span> <span class='ocrx_word' id='word_1_167' title='bbox 362 2485 457 2528; x_wconf 90' lang='lat' dir='ltr'>cornu</span> <span class='ocrx_word' id='word_1_168' title='bbox 471 2469 609 2542; x_wconf 90' lang='lat' dir='ltr'>Bacche,</span> <span class='ocrx_word' id='word_1_169' title='bbox 631 2485 805 2544; x_wconf 90' lang='lat' dir='ltr'>novemque</span> <span class='ocrx_word' id='word_1_170' title='bbox 820 2471 912 2528; x_wconf 85' lang='lat' dir='ltr'>deae!</span> 
     </span>
     <span class='ocr_line' id='line_1_28' title="bbox 173 2552 1028 2627; baseline 0 -17"><span class='ocrx_word' id='word_1_171' title='bbox 173 2553 246 2625; x_wconf 83' lang='lat' dir='ltr'>Quis</span> <span class='ocrx_word' id='word_1_172' title='bbox 265 2553 394 2624; x_wconf 80' lang='lat' dir='ltr'>dubitet,</span> <span class='ocrx_word' id='word_1_173' title='bbox 418 2554 489 2627; x_wconf 90' lang='lat' dir='ltr'>quin</span> <span class='ocrx_word' id='word_1_174' title='bbox 506 2553 585 2612; x_wconf 89' lang='lat' dir='ltr'>scire</span> <span class='ocrx_word' id='word_1_175' title='bbox 599 2553 692 2612; x_wconf 91' lang='lat' dir='ltr'>velim</span> <span class='ocrx_word' id='word_1_176' title='bbox 708 2554 818 2612; x_wconf 89' lang='lat' dir='ltr'>saltare</span> <span class='ocrx_word' id='word_1_177' title='bbox 832 2552 973 2627; x_wconf 87' lang='lat' dir='ltr'>puellam,</span> <span class='ocrx_word' id='word_1_178' title='bbox 1027 2589 1028 2594; x_wconf 40' lang='lat'>1</span> 
     </span>
     <span class='ocr_line' id='line_1_29' title="bbox 106 2635 867 2710; baseline -0.007 -12"><span class='ocrx_word' id='word_1_179' title='bbox 106 2645 160 2698; x_wconf 87' lang='grc'>355</span> <span class='ocrx_word' id='word_1_180' title='bbox 212 2635 252 2695; x_wconf 93' lang='lat' dir='ltr'>Ut</span> <span class='ocrx_word' id='word_1_181' title='bbox 270 2643 391 2695; x_wconf 85' lang='lat' dir='ltr'>moveat</span> <span class='ocrx_word' id='word_1_182' title='bbox 404 2636 507 2710; x_wconf 89' lang='lat' dir='ltr'>posito</span> <span class='ocrx_word' id='word_1_183' title='bbox 521 2636 647 2698; x_wconf 87' lang='lat' dir='ltr'>brachia</span> <span class='ocrx_word' id='word_1_184' title='bbox 661 2636 746 2696; x_wconf 91' lang='lat' dir='ltr'>iussa</span> <span class='ocrx_word' id='word_1_185' title='bbox 761 2642 867 2697; x_wconf 75' lang='lat' dir='ltr'>meroe</span> 
     </span>
     <span class='ocr_line' id='line_1_30' title="bbox 170 2718 966 2794; baseline -0.005 -17"><span class='ocrx_word' id='word_1_186' title='bbox 170 2718 314 2778; x_wconf 87' lang='lat' dir='ltr'>Artifices</span> <span class='ocrx_word' id='word_1_187' title='bbox 331 2719 448 2792; x_wconf 75' lang='lat' dir='ltr'>lateriS,</span> <span class='ocrx_word' id='word_1_188' title='bbox 471 2734 583 2778; x_wconf 86' lang='lat' dir='ltr'>scenae</span> <span class='ocrx_word' id='word_1_189' title='bbox 599 2722 790 2794; x_wconf 87' lang='lat' dir='ltr'>spectacula,</span> <span class='ocrx_word' id='word_1_190' title='bbox 814 2725 966 2778; x_wconf 83' lang='lat' dir='ltr'>amantur:</span> 
     </span>
     <span class='ocr_line' id='line_1_31' title="bbox 213 2801 827 2878; baseline -0.003 -17"><span class='ocrx_word' id='word_1_191' title='bbox 213 2804 341 2862; x_wconf 87' lang='lat' dir='ltr'>Tantum</span> <span class='ocrx_word' id='word_1_192' title='bbox 355 2801 507 2862; x_wconf 80' lang='lat' dir='ltr'>mobilitas</span> <span class='ocrx_word' id='word_1_193' title='bbox 523 2803 574 2878; x_wconf 90' lang='lat' dir='ltr'>illa</span> <span class='ocrx_word' id='word_1_194' title='bbox 589 2803 710 2862; x_wconf 89' lang='lat' dir='ltr'>decoris</span> <span class='ocrx_word' id='word_1_195' title='bbox 726 2801 827 2862; x_wconf 87' lang='lat' dir='ltr'>habet.</span> 
     </span>
     <span class='ocr_line' id='line_1_32' title="bbox 171 2885 917 2960; baseline -0.001 -17"><span class='ocrx_word' id='word_1_196' title='bbox 171 2886 269 2944; x_wconf 88' lang='lat' dir='ltr'>Parva</span> <span class='ocrx_word' id='word_1_197' title='bbox 283 2901 408 2946; x_wconf 87' lang='lat' dir='ltr'>monere</span> <span class='ocrx_word' id='word_1_198' title='bbox 422 2887 531 2960; x_wconf 85' lang='lat' dir='ltr'>pudet,</span> <span class='ocrx_word' id='word_1_199' title='bbox 557 2886 686 2946; x_wconf 93' lang='lat' dir='ltr'>talorum</span> <span class='ocrx_word' id='word_1_200' title='bbox 703 2885 806 2944; x_wconf 90' lang='lat' dir='ltr'>dicere</span> <span class='ocrx_word' id='word_1_201' title='bbox 821 2886 917 2944; x_wconf 88' lang='lat' dir='ltr'>iaetus</span> 
     </span>
     <span class='ocr_line' id='line_1_33' title="bbox 213 2969 888 3042; baseline -0.009 -13"><span class='ocrx_word' id='word_1_202' title='bbox 213 2969 252 3029; x_wconf 91' lang='lat' dir='ltr'>Ut</span> <span class='ocrx_word' id='word_1_203' title='bbox 267 2969 357 3040; x_wconf 88' lang='lat' dir='ltr'>sciat,</span> <span class='ocrx_word' id='word_1_204' title='bbox 382 2976 412 3029; x_wconf 87' lang='lat' dir='ltr'>et</span> <span class='ocrx_word' id='word_1_205' title='bbox 425 2969 521 3042; x_wconf 88' lang='lat' dir='ltr'>vires,</span> <span class='ocrx_word' id='word_1_206' title='bbox 542 2969 783 3042; x_wconf 87' lang='lat' dir='ltr'>tesseramissa,</span> <span class='ocrx_word' id='word_1_207' title='bbox 805 2975 888 3027; x_wconf 80' lang='lat' dir='ltr'>tuas:</span> 
     </span>
     <span class='ocr_line' id='line_1_34' title="bbox 106 3051 1024 3126; baseline -0.005 -12"><span class='ocrx_word' id='word_1_208' title='bbox 106 3059 159 3114; x_wconf 88' lang='grc'>355</span> <span class='ocrx_word' id='word_1_209' title='bbox 169 3051 207 3111; x_wconf 87' lang='lat' dir='ltr'>Et</span> <span class='ocrx_word' id='word_1_210' title='bbox 222 3053 315 3112; x_wconf 92' lang='lat' dir='ltr'>modo</span> <span class='ocrx_word' id='word_1_211' title='bbox 331 3059 392 3112; x_wconf 86' lang='lat' dir='ltr'>tres</span> <span class='ocrx_word' id='word_1_212' title='bbox 407 3052 498 3114; x_wconf 87' lang='lat' dir='ltr'>iactet</span> <span class='ocrx_word' id='word_1_213' title='bbox 512 3068 671 3122; x_wconf 90' lang='lat' dir='ltr'>numeros,</span> <span class='ocrx_word' id='word_1_214' title='bbox 695 3054 786 3112; x_wconf 91' lang='lat' dir='ltr'>modo</span> <span class='ocrx_word' id='word_1_215' title='bbox 803 3051 928 3126; x_wconf 83' lang='lat' dir='ltr'>cogitet,</span> <span class='ocrx_word' id='word_1_216' title='bbox 951 3057 1024 3125; x_wconf 88' lang='lat' dir='ltr'>apte</span> 
     </span>
     <span class='ocr_line' id='line_1_35' title="bbox 215 3134 998 3210; baseline -0.004 -15"><span class='ocrx_word' id='word_1_217' title='bbox 215 3135 311 3207; x_wconf 84' lang='lat' dir='ltr'>Quam</span> <span class='ocrx_word' id='word_1_218' title='bbox 326 3135 435 3196; x_wconf 87' lang='lat' dir='ltr'>subeat</span> <span class='ocrx_word' id='word_1_219' title='bbox 446 3143 566 3210; x_wconf 89' lang='lat' dir='ltr'>partem</span> <span class='ocrx_word' id='word_1_220' title='bbox 583 3134 706 3208; x_wconf 88' lang='lat' dir='ltr'>callida,</span> <span class='ocrx_word' id='word_1_221' title='bbox 732 3149 885 3208; x_wconf 91' lang='lat' dir='ltr'>quamque</span> <span class='ocrx_word' id='word_1_222' title='bbox 899 3141 998 3204; x_wconf 86' lang='lat' dir='ltr'>vocet.</span> 
     </span>
     <span class='ocr_line' id='line_1_36' title="bbox 174 3218 916 3296; baseline -0.003 -18"><span class='ocrx_word' id='word_1_223' title='bbox 174 3219 329 3296; x_wconf 86' lang='lat' dir='ltr'>Cautaque</span> <span class='ocrx_word' id='word_1_224' title='bbox 343 3235 406 3278; x_wconf 91' lang='lat' dir='ltr'>non</span> <span class='ocrx_word' id='word_1_225' title='bbox 423 3219 512 3278; x_wconf 92' lang='lat' dir='ltr'>stulte</span> <span class='ocrx_word' id='word_1_226' title='bbox 528 3220 677 3278; x_wconf 85' lang='lat' dir='ltr'>latronum</span> <span class='ocrx_word' id='word_1_227' title='bbox 693 3219 811 3293; x_wconf 88' lang='lat' dir='ltr'>proelia</span> <span class='ocrx_word' id='word_1_228' title='bbox 824 3218 916 3291; x_wconf 89' lang='lat' dir='ltr'>ludat,</span> 
     </span>
     <span class='ocr_line' id='line_1_37' title="bbox 214 3300 882 3378; baseline -0.007 -16"><span class='ocrx_word' id='word_1_229' title='bbox 214 3303 301 3362; x_wconf 89' lang='lat' dir='ltr'>Unus</span> <span class='ocrx_word' id='word_1_230' title='bbox 317 3320 386 3362; x_wconf 92' lang='lat' dir='ltr'>cum</span> <span class='ocrx_word' id='word_1_231' title='bbox 402 3303 522 3378; x_wconf 88' lang='lat' dir='ltr'>gemino</span> <span class='ocrx_word' id='word_1_232' title='bbox 539 3303 675 3362; x_wconf 90' lang='lat' dir='ltr'>calculus</span> <span class='ocrx_word' id='word_1_233' title='bbox 691 3301 781 3360; x_wconf 88' lang='lat' dir='ltr'>hoste</span> <span class='ocrx_word' id='word_1_234' title='bbox 796 3300 882 3374; x_wconf 88' lang='lat' dir='ltr'>perit,</span> 
     </span>
     <span class='ocr_line' id='line_1_38' title="bbox 172 3381 939 3461; baseline -0.004 -18"><span class='ocrx_word' id='word_1_235' title='bbox 172 3384 368 3461; x_wconf 89' lang='lat' dir='ltr'>Bellatorque</span> <span class='ocrx_word' id='word_1_236' title='bbox 381 3402 438 3445; x_wconf 87' lang='lat' dir='ltr'>sua</span> <span class='ocrx_word' id='word_1_237' title='bbox 453 3401 583 3460; x_wconf 90' lang='lat' dir='ltr'>prensus</span> <span class='ocrx_word' id='word_1_238' title='bbox 599 3385 665 3444; x_wconf 89' lang='lat' dir='ltr'>sinc</span> <span class='ocrx_word' id='word_1_239' title='bbox 680 3399 823 3458; x_wconf 88' lang='lat' dir='ltr'>compare</span> <span class='ocrx_word' id='word_1_240' title='bbox 838 3381 939 3448; x_wconf 88' lang='lat' dir='ltr'>bellat,</span> 
     </span>
     <span class='ocr_line' id='line_1_39' title="bbox 108 3465 894 3544; baseline -0.01 -12"><span class='ocrx_word' id='word_1_241' title='bbox 108 3475 162 3532; x_wconf 80' lang='grc'>360</span> <span class='ocrx_word' id='word_1_242' title='bbox 214 3470 362 3529; x_wconf 90' lang='lat' dir='ltr'>Aemulus</span> <span class='ocrx_word' id='word_1_243' title='bbox 378 3477 408 3530; x_wconf 89' lang='lat' dir='ltr'>et</span> <span class='ocrx_word' id='word_1_244' title='bbox 423 3476 563 3544; x_wconf 89' lang='lat' dir='ltr'>coeptum</span> <span class='ocrx_word' id='word_1_245' title='bbox 581 3482 675 3542; x_wconf 86' lang='lat' dir='ltr'>saepe</span> <span class='ocrx_word' id='word_1_246' title='bbox 689 3466 814 3530; x_wconf 85' lang='lat' dir='ltr'>recurrit</span> <span class='ocrx_word' id='word_1_247' title='bbox 829 3465 894 3525; x_wconf 90' lang='lat' dir='ltr'>iter.</span> 
     </span>
    </p>
   </div>
   <div class='ocr_carea' id='block_1_3' title="bbox 0 0 1255 4008">
    <p class='ocr_par' dir='ltr' id='par_1_3' title="bbox 0 0 1255 4008">
     <span class='ocr_line' id='line_1_40' title="bbox 0 0 1255 4008; baseline 0 0"><span class='ocrx_word' id='word_1_248' title='bbox 0 0 1255 4008; x_wconf 95' lang='lat' dir='ltr'> </span> 
     </span>
    </p>
   </div>
  </div>
 </body>
</html>
