2472 4010
464 310 491 382 Ι,
509 305 707 384 7,43-8,
723 309 774 372 ts.

230 460 405 534 Purpureus
420 461 525 521 Lunae
540 461 688 536 sanguine
702 462 804 522 vultus
823 469 898 522 erat.

188 545 275 604 Hanc
290 559 349 618 ego
364 551 529 606 nocturnas
546 561 666 604 versam
682 547 809 606 volitare
825 562 881 621 per
893 547 1017 608 umbras

233 626 397 702 Suspicor,
420 635 450 688 et
465 631 567 704 pluma
582 644 696 704 corpus
712 630 791 689 anile
806 631 876 705 tegi.

147 721 180 775 15
193 711 357 786 Suspicor,
381 718 411 771 et
424 714 505 771 lama
519 720 576 773 est.
614 713 716 774 Oculis
739 729 864 789 quoque
879 716 995 794 pupula
1010 717 1124 793 duplex

231 794 395 867 Fulminat,
420 787 450 854 et
464 797 586 870 gemino
602 798 702 856 lumen
720 797 758 858 ab
775 797 849 858 orbe
864 799 956 858 venit.

189 879 306 940 Evocat
320 879 452 954 antiquis
470 895 604 954 proavos
620 889 792 954 atavosque
808 882 996 957 sepulchris,

230 962 267 1022 Et
282 963 414 1022 solidam
426 965 520 1037 longo
536 964 668 1024 carmine
683 965 771 1023 findit
785 965 918 1024 humum.

185 1039 272 1104 Haec
287 1045 345 1105 sibi
360 1048 525 1120 proposuit
540 1047 690 1106 thalamos
704 1054 854 1108 temerare
868 1049 1012 1122 pudicos.
1120 1074 1122 1082 c

145 1138 181 1190 20
232 1128 295 1187 Nec
309 1135 409 1188 tamen
425 1131 548 1202 eloquio
563 1131 666 1203 lingua
681 1138 811 1190 nocente
826 1139 918 1189 caret.

187 1213 267 1272 Fors
281 1226 331 1292 me
346 1212 482 1271 sermoni
495 1219 604 1272 testem
620 1213 713 1272 dedit.
742 1214 793 1271 illa
809 1214 953 1274 monebat

228 1295 342 1354 Talia...
358 1311 406 1354 me
421 1296 560 1382 duplices
577 1298 739 1357 occuluere
755 1297 870 1355 lares...

189 1378 362 1439 ‘Scis'here
375 1386 420 1450 te,
443 1396 511 1439 mea
527 1383 595 1452 lux,
614 1379 718 1440 iuveni
734 1381 890 1455 placuisse
905 1381 1018 1442 beatot

230 1463 352 1537 Haesit,
375 1471 405 1524 et
420 1464 450 1522 in
472 1466 557 1524 voltu
572 1465 705 1524 constitit
719 1479 820 1538 usque
832 1471 896 1523 luo.
999 1473 1004 1478 ’
1079 1479 1082 1486 ’

145 1556 179 1610 aa
189 1547 227 1606 Et
241 1563 295 1606 cnr
309 1563 371 1606 non
386 1549 532 1621 placeas?
560 1549 633 1608 nulli
647 1555 697 1607 tua
714 1549 812 1607 lornaa
826 1548 965 1608 secunda
980 1555 1037 1608 est.

131 1701 137 1716 ,
230 1630 280 1688 Me
294 1630 453 1704 miseram,
479 1631 590 1704 dignus
611 1646 742 1705 corpore
758 1632 856 1690 cultus
875 1629 977 1690 abest!

186 1714 259 1773 Tam
274 1713 348 1773 felix
367 1729 471 1784 essee,
495 1731 587 1789 quarn
602 1715 843 1788 formosissima,
863 1715 989 1774 vellem:

228 1798 296 1857 Non
312 1813 386 1872 ego,
409 1804 439 1856 te
455 1799 536 1858 lacta
551 1798 659 1871 divite,
682 1814 802 1873 pauper
817 1814 880 1857 ero.

101 1883 104 1890 '
189 1881 281 1942 Stella
296 1882 349 1940 libi
365 1871 501 1956 oppositi
516 1883 621 1942 nocuit
637 1883 789 1942 contraria
802 1877 918 1941 Martis.

117 2035 120 2043 Α
143 1973 179 2026 30
229 1965 313 2025 Mars
329 1966 411 2026 abiit.
439 1966 526 2040 signo
543 1982 623 2025 nunc
637 1968 745 2024 Venus
761 1972 833 2039 apta
847 1981 915 2025 suo.

187 2049 287 2110 Prosit
306 2057 339 2108 ut
352 2049 538 2123 adveniens,
562 2067 598 2108 en
615 2050 735 2124 asplce,
761 2050 848 2108 dives
863 2055 980 2108 amator

229 2135 271 2193 Te
287 2127 389 2208 cupiit.
421 2149 527 2207 curae,
550 2134 624 2206 quid
639 2133 691 2192 tibi
708 2133 803 2206 desit,
825 2132 927 2192 habet.

187 2217 242 2277 Est
257 2218 346 2276 etiam
363 2217 474 2290 iacies,
499 2233 630 2290 quae-se
644 2217 697 2275 tibi
713 2217 873 2290 conparet,
896 2215 957 2274 illi:

230 2301 263 2361 Si
277 2309 307 2360 ιε
327 2317 388 2360 non
404 2308 536 2376 emptam
550 2302 656 2372 vellet,
679 2301 826 2359 emendus
845 2301 932 2358 erat’

144 2393 179 2446 35
192 2385 327 2446 Erubuit.
356 2386 464 2445 ‘Decet
479 2385 549 2444 alba
564 2384 689 2459 quidem
704 2384 806 2458 pudor
822 2399 885 2443 ora.
917 2383 974 2441 sed
989 2383 1064 2456 iste,

230 2468 263 2528 Si
279 2471 419 2541 simules
444 2468 580 2542 prodest.
612 2483 703 2526 verus
720 2467 833 2526 obesse
848 2466 937 2526 solet.

189 2553 263 2613 (lum
277 2553 356 2626 bene
372 2553 499 2612 deiectis
511 2553 659 2627 gremium
674 2552 824 2626 spectaris
842 2550 964 2623 ocellis,

233 2636 381 2709 Quantum
397 2638 530 2712 quisquc
546 2637 637 2708 ierat,
659 2633 875 2708 respiciendus
891 2634 956 2692 erit.

186 2720 326 2781 Forsitan
342 2719 520 2790 inmundae,
540 2721 624 2779 Tatio
641 2727 803 2792 regnante,
825 2716 958 2776 Sabinae

143 2809 179 2864 40
230 2804 389 2864 Noluerint
402 2803 520 2864 habiles
537 2802 675 2878 pluribus
691 2817 761 2861 esse
778 2800 861 2860 viris.

186 2887 272 2947 Nunc
287 2888 370 2948 Mars
387 2888 522 2948 externis
538 2887 658 2946 animos
673 2891 796 2945 exercet
815 2886 844 2944 in
862 2883 970 2944 armis:

228 2972 270 3030 At
279 2974 388 3032 Venus
405 2973 531 3031 Aeneae
544 2977 651 3044 regnat
666 2970 696 3028 in
712 2970 786 3029 urbe
801 2970 858 3028 sui.

187 3055 310 3115 Ludunt
325 3057 489 3116 formosae.
522 3062 607 3114 casta
623 3061 686 3126 est,
710 3069 905 3127 quemnemo
921 3052 1054 3126 rogavit:

227 3141 305 3212 Aut,
330 3139 357 3198 si
372 3140 526 3200 rusticitas
541 3155 602 3198 non
618 3144 715 3211 vetat,
738 3139 809 3212 ipsa
823 3145 920 3210 rogat.

18 3251 39 3272 ι
143 3222 253 3284 laidas
270 3238 410 3298 quoque,
428 3239 506 3298 quas
522 3223 630 3282 frontis
646 3237 739 3295 rugas
754 3222 784 3279 in
803 3222 917 3279 vertice
932 3223 1054 3291 portas,

228 3306 355 3367 Excute.
384 3307 423 3367 de
437 3307 522 3381 rugis
539 3306 665 3366 criudna
680 3306 773 3364 multa
788 3304 908 3363 cadent.

186 3388 342 3464 Penelope
358 3391 501 3464 iuvenum
517 3391 600 3449 vires
616 3388 782 3462 temptabat
796 3388 826 3445 in
842 3403 931 3444 arcus

230 3473 285 3547 Qui
303 3475 381 3534 latus
398 3481 553 3548 argueret,
579 3487 711 3532 corneus
728 3480 819 3528 arcus
834 3476 907 3527 erat.

145 3645 155 3660 Ι
186 3557 311 3618 Labitur
327 3559 461 3628 occulte,
486 3557 623 3631 fallitque
639 3552 781 3612 volubilis
802 3560 903 3624 aetas,
