2498 4008
136 258 198 320 lar
471 251 610 313 ARTIS
630 249 769 312 ΑΜΑΤ.

219 408 259 468 At
275 423 342 468 curn
357 403 496 466 discedet
511 419 617 464 mensa
632 397 763 463 convica
777 409 903 476 remota,

260 492 333 566 lpsa
347 489 400 550 tibi
415 503 561 548 accessus
576 487 666 548 turba
679 489 842 562 locumque
857 486 950 548 dabit.

157 585 209 640 605
220 576 325 634 Insere
339 580 369 633 te
384 571 505 646 turbae,
528 571 697 646 leviterque
713 570 855 630 admotus
870 571 951 630 eunti

262 657 350 716 Velle
364 656 443 716 latus
460 654 577 730 digitis,
600 660 629 713 et
644 654 828 729 pedetunge
842 653 964 728 pedem.

222 738 381 815 conloquii
398 738 457 797 iam
471 744 592 814 tempus
608 737 705 796 adest.
727 737 797 812 luge
812 736 926 797 rustice
940 738 1032 810 longe

262 823 339 883 Hinc
353 823 462 898 pudor.
488 820 650 880 audentem
662 819 800 896 Forsque
813 820 984 894 Venusque
999 820 1094 881 iuvat.

221 906 286 965 Non
300 913 352 964 tua
367 903 424 966 sub
440 911 563 966 nostrus
577 903 679 962 veniat
692 904 835 963 facundia
849 903 950 978 leges:

86 1022 90 1030 ·
157 999 210 1054 610
261 988 323 1049 Fac
336 995 450 1048 tantum
463 986 610 1064 incipias,
629 993 739 1062 sponte
753 987 885 1046 disertus
901 987 971 1045 eris.

221 1073 275 1132 Est
289 1071 341 1132 tibi
357 1070 495 1146 agendus
512 1086 633 1150 amans,
654 1070 862 1144 imitandaque
877 1071 1003 1128 vulnera
1018 1069 1141 1129 verbis:

262 1155 346 1214 Haec
362 1153 414 1213 tibi
431 1159 594 1228 quaeratur
610 1152 744 1227 qualibet
757 1160 821 1213 arte
836 1153 925 1212 fides.

221 1238 284 1298 Nec
298 1237 382 1296 credi
398 1236 484 1296 labor
499 1244 555 1297 est.
578 1235 636 1296 sibi
652 1250 792 1313 quaeque
808 1237 926 1296 videtur
943 1236 1082 1296 amanda

264 1319 401 1380 Pessima
416 1321 469 1394 sit,
492 1320 565 1379 nulli
580 1335 641 1379 non
656 1336 713 1380 sua
730 1319 828 1379 icrma
843 1320 952 1394 placet.

158 1413 209 1467 615
221 1403 321 1479 Saepe
336 1411 434 1463 tamen
449 1415 523 1461 vere
539 1404 640 1478 coepit
654 1403 810 1464 simulator
824 1417 936 1471 amare,
990 1423 995 1430 ·

265 1485 380 1561 Saepe,
405 1487 489 1560 qued
503 1485 653 1562 incipiens
670 1486 799 1548 finxerat
814 1501 900 1558 esse,
924 1485 987 1544 luit.
1013 1513 1016 1518 2

224 1569 289 1643 Quo
304 1570 401 1644 magis
420 1585 453 1643 c,
476 1568 581 1629 faciles
599 1569 784 1629 imitantibus
800 1576 880 1641 este,
903 1569 1037 1648 puellae:

263 1651 328 1712 Fiet
342 1667 427 1711 amon
441 1667 549 1726 verus,
572 1653 623 1726 qui
637 1653 729 1724 medo
746 1653 841 1712 salsus
852 1661 930 1715 erat.

221 1734 381 1795 Blanditiis
396 1735 529 1795 animum
544 1735 643 1795 lunum
659 1735 850 1812 deprendere
866 1751 945 1795 ntrnc
960 1734 1013 1807 εἰι,Ι
1049 1765 1051 1768 -

158 1828 211 1882 62⁰
262 1819 302 1879 Ut
317 1819 455 1894 pendens
471 1815 586 1893 liquida
600 1819 667 1893 ripa
683 1813 799 1878 shbitur
813 1835 902 1893 aqua.

221 1901 283 1961 Nee
298 1901 422 1974 faciem,
444 1909 544 1962 necte
560 1902 662 1976 pigeat
676 1900 801 1962 laudare
816 1902 945 1977 capillos

263 1983 301 2043 Et
314 1990 425 2043 teretes
441 1983 552 2059 digitos
568 1983 773 2058 exiguumque
788 1985 908 2058 pedem.

221 2066 379 2127 Delectant
394 2065 483 2127 etiam
499 2073 600 2127 castas
615 2067 780 2141 praeconia
795 2069 920 2127 formae.

140 2213 143 2217 ,
263 2149 439 2224 Virginibus
456 2165 548 2210 curae
563 2157 709 2226 grataque
725 2151 821 2211 lorma
836 2165 894 2211 sua
907 2157 964 2209 est.

157 2241 208 2296 625
220 2233 294 2292 Nam
310 2233 406 2294 curin
421 2231 562 2310 Phrygiis
576 2234 723 2295 lunonem
738 2241 767 2294 et
780 2232 904 2293 Pallada
918 2232 1005 2292 silvis

263 2315 348 2374 Nunc
364 2331 487 2389 quoque
500 2315 643 2375 iudicium
657 2333 716 2376 non
732 2317 868 2377 tenuisse
883 2317 1000 2391 pudet?

220 2399 373 2458 Laudatas
391 2399 524 2459 ostendit
538 2399 604 2458 avis
617 2400 746 2460 Iunonia
761 2400 884 2474 pinnas:

264 2479 296 2540 Si
311 2481 419 2541 tacitus
434 2489 568 2556 spectes,
588 2483 638 2541 illa
653 2483 791 2543 recondit
806 2498 892 2558 opes.

222 2564 442 2639 Quadrupedes
458 2566 534 2624 inter
547 2566 646 2640 rapidi
662 2567 826 2626 certamina
842 2579 950 2626 cursus
1061 2593 1066 2599 ·

157 2656 209 2710 630
261 2648 468 2722 Depexaeque
483 2649 573 2708 iubae
587 2651 759 2724 plausaque
775 2649 853 2708 colla
867 2648 980 2708 iuvant.

220 2730 284 2790 Nec
298 2731 402 2790 timide
417 2733 571 2806 promitte.
590 2733 713 2793 trahunt
727 2733 880 2807 promissa
894 2731 1022 2806 puellas.

262 2812 398 2874 Pollicito
412 2821 507 2876 testes
524 2816 676 2890 quoslibet
690 2815 770 2876 adde
786 2816 873 2875 deos.
950 2827 953 2834 ·

220 2897 354 2971 luppiter
370 2899 483 2957 exalto
498 2898 631 2973 periuria
645 2899 723 2959 iidet
738 2905 899 2971 amantum,
929 2907 933 2914 '

260 2977 298 3038 Et
314 2980 397 3040 iubet
410 2982 537 3041 Aeolios
552 2981 640 3041 inrita
656 2985 735 3042 lerre
750 2990 851 3042 notos.

156 3069 207 3124 635
217 3059 274 3120 Per
289 3060 386 3138 Styga
400 3063 507 3123 lunoni
523 3065 633 3124 ialsum
647 3067 746 3126 iurare
763 3066 882 3125 sciebat

261 3145 404 3220 luppiter.
428 3149 569 3222 exemplo
586 3165 666 3207 nunc
682 3150 764 3208 lavet
777 3151 846 3225 ipse
861 3163 928 3208 suo.

219 3227 351 3302 Expedit
366 3245 436 3290 esse
453 3230 538 3289 deos.
561 3238 604 3302 et,
627 3238 660 3291 ut
675 3233 812 3308 expedit,
836 3247 907 3292 esse
922 3237 1081 3306 putemus.

260 3311 375 3371 Dentur
390 3312 419 3371 in
435 3313 576 3388 antiquos
592 3323 659 3374 tura
673 3331 851 3389 merumque
865 3307 963 3375 focos.

220 3391 283 3451 Nec
299 3409 407 3453 secura
423 3397 509 3470 quies
526 3395 595 3456 illos
611 3398 781 3472 similisque
796 3399 902 3478 sopori

158 3478 211 3531 640
263 3475 391 3534 Detinet.
413 3475 544 3538 innocue
559 3477 666 3552 vivite,
690 3496 800 3540 numen
816 3481 913 3540 adest.
