2488 4006
12 208 16 214 '
131 211 199 286 155
459 284 463 294 ,
524 179 770 280 eunomus

216 372 289 447 Quis
305 372 377 434 velit
391 373 421 432 in
437 373 566 448 petriam
581 373 672 431 vento
688 371 869 446 prohibente
885 373 1017 431 revertit

256 459 284 518 A
299 458 397 532 patrie
416 457 525 532 pelago
543 456 612 515 vela
626 462 748 516 vetante
766 454 861 514 datist

215 542 287 616 lpse
303 557 389 600 suam
404 557 466 600 non
481 539 609 614 praebet
623 540 679 599 iter
692 539 850 613 Neptunus
867 539 906 597 ad
923 539 1037 598 urbem.

151 631 202 685 130
255 625 320 697 Quo
335 625 443 685 ruitist
473 626 603 684 Vestras
618 623 752 698 quisque
765 622 863 682 redite
879 622 1004 683 domos!

214 707 280 781 Quo
296 709 399 780 ruitis,
421 707 540 767 oanan
571 709 690 766 Ventos
705 707 810 766 audite
824 705 969 766 vetantis!
1013 720 1017 726 ·

255 792 322 852 Non
338 791 428 852 subiti
445 806 553 862 555115,
577 789 708 849 numinis
725 791 783 848 iste
797 803 883 848 mora
897 795 953 848 est.
1010 800 1012 808 ¹

216 875 294 948 Quid
310 877 421 950 petitur
434 881 517 933 tento
533 873 592 932 nisi
607 875 706 948 turpis
720 873 859 934 adultera
872 872 975 934 bellot

255 958 334 1033 Dum
351 958 436 1032 licet,
459 957 602 1016 Inachiae
617 955 724 1017 vertite
741 959 810 1016 vela
826 963 922 1016 retest

151 1049 201 1102 135
214 1041 276 1101 Sed
292 1043 365 1115 quid
380 1047 463 1116 agor
482 1048 619 1100 revoeot
639 1040 843 1100 revocaminis
859 1055 948 1099 omen
963 1040 1083 1114 abesto,

255 1125 445 1198 Blandaque
456 1126 643 1202 compositas
660 1139 735 1184 eura
751 1123 900 1184 secundet
917 1141 1025 1199 aquas.

213 1209 341 1268 Troasin
356 1209 495 1281 invideo,
520 1224 598 1281 qnae
611 1209 658 1267 sio
673 1208 836 1267 lacrimosa
852 1223 978 1268 suorum

255 1290 375 1352 Funera
388 1292 596 1367 conspicient,
619 1307 676 1350 neo
692 1294 799 1367 procul
814 1292 912 1351 hostis
928 1291 993 1351 erit.

213 1377 286 1450 Ipsa
301 1376 366 1436 suis
381 1375 522 1435 manibus
537 1374 607 1434 lorti
621 1391 702 1434 nova
717 1382 812 1448 nupta
825 1375 931 1436 marito

149 1467 201 1520 140
254 1459 391 1533 imponet
406 1459 734 1534 galeambarbaraque
749 1475 833 1518 arma
848 1458 940 1518 dabit.
1235 1499 1236 1542 t

144 1555 155 1585 ἰ
214 1541 416 1616 Armedabit,
438 1543 573 1617 dumque
584 1558 668 1602 arma
679 1542 777 1616 dabit,
797 1544 886 1602 simul
898 1543 1006 1602 oscula
1017 1548 1155 1601 sumata..

256 1625 322 1685 Hoc
337 1641 435 1699 genus
449 1626 545 1686 oldeii
560 1627 650 1686 dulce
665 1626 785 1686 duobus
802 1627 888 1684 erit...
1235 1635 1236 1638 ’

212 1709 425 1783 Producetque
440 1710 552 1782 virum,
575 1709 658 1768 dabit
673 1718 703 1768 et
718 1710 861 1768 mandata
877 1710 998 1782 reverti,
1016 1708 1018 1714 '

254 1793 292 1851 Et
307 1793 388 1852 dicet
403 1795 532 1852 ‘reseras
549 1794 607 1852 ista
626 1794 674 1852 lac
690 1809 773 1852 arma
788 1793 884 1852 iovit’

150 1877 279 1949 1451115,
302 1877 404 1936 lerens
420 1877 561 1936 dominae
576 1878 719 1936 mandatu
733 1877 868 1936 recentia
882 1891 987 1936 seeum
1050 1909 1052 1914 π

125 1986 126 1989 ¹
254 1958 402 2034 Pugnabit
416 1967 519 2035 caute,
545 1961 753 2040 respicietque
769 1961 902 2020 domum.

212 2044 312 2102 Exuet
326 2043 404 2102 haee
418 2044 523 2104 reduci
538 2045 684 2119 clipeum,
707 2045 887 2118 galeamque
904 2045 1049 2118 resolvet,

253 2127 456 2202 Excipietque
473 2144 530 2189 suo
545 2143 677 2202 corpora
692 2129 777 2188 lassa
791 2129 870 2188 sinu.

212 2211 275 2270 Nos
290 2227 396 2272 sumus
411 2212 555 2271 incertae.
577 2228 635 2272 nos
651 2213 759 2271 anxius
776 2213 877 2270 omnia
893 2211 982 2286 cogit,

151 2305 201 2357 150
254 2294 337 2367 Quae
351 2303 483 2369 possunt
499 2296 580 2367 fieri,
600 2295 680 2356 laeta
695 2302 804 2370 putare
820 2296 918 2356 timor.
939 2330 941 2334 -

213 2378 290 2436 Dum
305 2385 405 2438 temen
420 2395 504 2438 arma
519 2393 608 2452 geres
624 2379 747 2441 diverso
763 2380 849 2438 miles
867 2381 896 2438 in
912 2377 995 2450 orbe,

256 2461 339 2533 Quae
354 2462 466 2522 celeret
480 2463 580 2522 vultus
597 2469 647 2522 est
660 2463 732 2522 mini
749 2477 819 2522 cera
833 2469 913 2524 tuos.

213 2544 258 2604 llli
272 2544 450 2617 blanditias,
474 2547 516 2604 illi
529 2547 584 2606 tibi
599 2547 700 2606 debita
714 2547 810 2606 verba

255 2627 405 2702 DicimuS,
427 2631 588 2703 amplexus
606 2631 715 2705 accipit
730 2631 781 2690 illa
795 2645 890 2689 meos

153 2722 200 2774 155
214 2711 309 2770 Crede
324 2712 411 2785 mihi,
434 2715 502 2787 plus
518 2720 580 2787 est,
602 2728 692 2787 quam
709 2715 790 2788 quod
807 2714 960 2786 videatur,
980 2713 1082 2786 imago

255 2794 347 2856 Adde
361 2811 472 2856 sonum
487 2811 590 2869 cerae,
613 2797 799 2856 Protesilaus
815 2797 879 2855 erit.
1071 2798 1075 2803 '

212 2878 299 2939 Hane
314 2887 436 2952 specto,
459 2887 611 2952 teneoque
629 2881 698 2941 sinu
713 2897 768 2955 pro
787 2881 1017 2954 comagenem,

253 2961 305 3034 Et,
326 2969 480 3038 tamquam
496 2965 595 3038 possit
609 2965 702 3024 verba
718 2958 848 3035 reterre,
872 2979 992 3036 queror.

212 3044 269 3102 Per
282 3046 398 3105 reditus
414 3061 590 3121 corpusque
606 3055 704 3118 tuum,
727 3063 796 3106 mea
812 3049 949 3120 numina,
973 3048 1048 3119 iuro,

148 3137 200 3191 150
252 3127 371 3202 Perque
386 3145 476 3203 pares
492 3131 582 3189 animi
599 3131 793 3205 coniugiique
809 3133 903 3204 laces,

211 3211 344 3285 Perque,
368 3212 452 3286 quod
467 3221 500 3273 ut
515 3215 636 3274 videam
653 3216 737 3274 oanis
753 3215 855 3274 albere
870 3214 998 3288 capillis

255 3295 343 3367 Quod
356 3303 455 3356 tecum
470 3298 573 3372 possis
588 3299 656 3372 ipse
671 3300 800 3371 reterre,
823 3306 923 3372 caput,

211 3377 261 3436 Me
276 3377 329 3437 tibi
344 3376 500 3439 venturam
516 3381 671 3453 comitem,
690 3397 888 3455 quocumque
904 3381 1035 3454 1555115,

254 3459 356 3520 Sive...
373 3463 458 3536 quod
472 3463 531 3522 heu
545 3465 653 3537 timeo,
678 3465 744 3522 sive
760 3471 919 3539 superstes
935 3465 1025 3565 eris.¹
