2498 4008
144 227 209 294 244
521 225 689 289 REMED.
714 225 789 286 AM.

165 381 301 446 5551155
317 376 461 454 quoniam
475 379 593 438 variant
610 376 724 452 animi„
739 363 924 438 variabimus
940 383 1029 439 artes.

270 463 352 523 Mitte
367 463 438 521 maii
453 462 591 536 speeies,
612 461 693 520 mille
709 462 816 522 salutis
831 469 928 522 erunt.

230 548 367 623 Corpora
380 546 434 604 vix
449 547 529 606 serre
547 545 698 620 quaedam
713 552 858 605 sanantur
873 551 978 606 acutos

270 630 425 690 Auxilium
440 629 541 690 multis
557 643 651 688 sunus
666 635 696 686 et
708 628 803 688 herba
818 629 882 688 suit.

227 713 350 774 Mollior
367 729 417 786 eS,
439 728 541 787 neque
555 710 639 772 abire
655 718 758 787 potes,
780 711 963 787 vinctusque
978 713 1100 790 teneris,

165 807 218 862 550
269 798 308 857 Et
320 804 372 856 tua
386 812 499 856 saevus
512 797 609 856 Amor
623 795 679 855 sub
695 797 774 871 pede
790 797 868 856 eolla
882 798 1012 871 premit?

228 881 343 942 Desine
357 880 473 940 luctari.
495 881 628 940 reserant
644 886 695 940 tua
711 879 839 939 carbasa
854 881 943 952 venti,

272 964 398 1040 Quaque
414 970 525 1024 voeant
536 963 662 1036 fluctus,
685 963 742 1022 hae
757 963 810 1022 tibi
828 979 930 1024 remus
945 971 1002 1024 eat.

229 1047 391 1124 Explenda
405 1055 453 1108 est
469 1048 536 1108 sitis
553 1047 694 1119 istarum,
715 1063 773 1120 qua
788 1043 929 1121 perditus
940 1049 1040 1108 ardes.

175 1151 183 1166 ‘
273 1131 425 1192 cedimus.
447 1131 579 1190 emedio
595 1131 654 1190 iam
671 1130 742 1190 lieet
756 1147 844 1190 amne
859 1131 956 1192 bibas.

165 1222 217 1280 555
229 1214 293 1276 Sed
305 1215 377 1274 bibe
392 1216 462 1288 plus
478 1215 582 1287 etiarn,
606 1229 697 1288 quam
713 1215 797 1288 quod
811 1216 989 1287 praecordia
1002 1221 1148 1288 poscunt,

272 1297 396 1358 Gutture
413 1299 461 1357 iae
475 1300 566 1371 pleno
583 1303 704 1370 sumpta
717 1297 869 1356 redundet
883 1313 971 1371 aqua.

228 1381 387 1442 Perfruere
402 1395 501 1455 usque
518 1387 582 1449 tua,
607 1380 690 1440 nulio
706 1380 901 1454 prohibente,
924 1380 1037 1455 puella:

270 1465 324 1523 1115
339 1463 392 1526 tibi
407 1470 513 1525 noctes
529 1463 660 1535 auferat,
682 1463 734 1522 illa
748 1463 824 1522 dies.
904 1487 906 1492 ’

227 1545 342 1608 Taedia
358 1563 471 1622 quaere
486 1547 564 1606 mati.
589 1546 701 1606 iaciunt
715 1554 745 1607 et
758 1547 860 1606 taedia
874 1546 973 1606 tinem.

164 1640 217 1694 540
269 1631 331 1691 lam
348 1647 486 1706 quoque,
505 1645 574 1690 eum
589 1630 697 1690 eredes
713 1645 809 1706 posse
824 1646 944 1704 carere,
966 1645 1060 1703 mane,

228 1715 305 1775 Dum
320 1713 398 1773 bene
413 1722 443 1774 te
458 1715 594 1774 cumules
610 1721 640 1772 et
653 1715 744 1789 copia
757 1715 841 1774 tollat
855 1729 996 1787 amorem,

150 1863 153 1870 ,
270 1798 308 1857 Et
322 1799 457 1858 fastidita
472 1813 533 1857 non
548 1797 630 1856 iuvet
644 1813 715 1858 esse
730 1797 832 1858 domo.

227 1881 275 1941 Fit
290 1897 412 1956 quoque
427 1882 537 1955 longus
552 1895 652 1954 amor,
676 1897 765 1955 quem
780 1881 950 1940 diffidentia
963 1879 1064 1940 nutrita

269 1965 358 2024 Hune
371 1972 404 2025 tu
419 1965 446 2023 si
462 1979 593 2039 quaeres
610 1980 738 2038 ponere,
761 1980 843 2040 pone
861 1971 983 2024 metum.

164 2053 215 2109 515
230 2047 285 2122 Qui
301 2045 401 2121 timet,
421 2055 454 2110 ut
469 2064 526 2108 sua
540 2047 594 2121 sit,
618 2049 728 2123 nequis
744 2048 801 2108 sibi
816 2047 954 2109 detrahat
968 2047 1057 2122 iliam,
1151 2119 1153 2124 ι

269 2132 323 2190 lile
338 2128 520 2191 Machaonia
533 2131 586 2190 vix
601 2147 661 2206 ope
677 2147 770 2192 sanus
786 2132 850 2192 erit.

174 2214 298 2275 —Pius
314 2222 394 2275 amat
408 2231 426 2274 e
440 2215 519 2274 natis
535 2221 631 2274 mater
646 2215 824 2290 plerumque
841 2215 970 2288 duobus

175 2332 218 2343 -
270 2297 327 2358 Pro
344 2299 430 2359 cuius
445 2299 559 2371 reditu,
585 2300 670 2373 quod
682 2299 758 2373 gerit
773 2315 871 2370 arma,
895 2300 986 2358 timet.

227 2382 282 2443 Est
297 2397 394 2457 prope
410 2382 556 2442 Collinam
571 2383 715 2457 ternplum
730 2382 904 2442 venerabile
919 2389 1047 2459 portam,

145 2465 216 2528 ’550
268 2466 408 2539 Inposuit
422 2466 536 2539 templo
552 2467 676 2526 nomina
693 2467 795 2526 celsus
808 2465 909 2543 Eryx:

227 2545 283 2608 Est
296 2548 356 2607 illie
371 2548 523 2610 Lethaeus
537 2549 648 2623 Amor,
670 2551 721 2626 qui
737 2556 863 2625 pectora
877 2555 974 2620 sanat,

269 2634 367 2707 Inque
383 2649 456 2692 suas
471 2632 603 2707 gelidam
616 2633 777 2708 lampadas
792 2633 877 2693 addit
890 2646 1010 2708 aquam.

225 2716 291 2775 Illic
305 2722 336 2775 et
353 2716 480 2776 iuvenes
498 2717 578 2778 vetis
595 2717 709 2778 oblivia
723 2723 864 2791 poscunt,

269 2796 308 2860 Et
321 2799 411 2874 siqua
425 2807 473 2860 est
488 2799 564 2862 duro
582 2807 672 2876 capta
687 2802 790 2875 puelia
806 2801 884 2860 viro.

163 2883 255 2945 5551s
270 2882 343 2942 mihi
358 2884 403 2943 sie
418 2882 525 2943 dixit...
541 2884 660 2958 dubim,
682 2899 815 2944 verusne
830 2883 957 2958 Cupido,

269 2965 318 3024 An
334 2974 461 3026 somnus
477 2967 574 3027 tuerit.
597 2968 654 3026 sed
670 2975 757 3042 puto,
781 2983 908 3027 somnus
922 2969 1017 3026 erat...

227 3047 265 3108 ‘0
281 3047 332 3122 qui
348 3047 496 3109 sollicitos
511 3051 603 3111 modo
620 3051 690 3125 das,
713 3051 806 3110 modo
823 3050 926 3109 demis.
936 3059 1066 3118 amores,

267 3129 366 3192 Adice
381 3133 555 3208 praeceptis
570 3133 629 3193 hoe
645 3149 782 3209 quoque,
804 3133 901 3206 Naso,
921 3130 1000 3193 tuis·

226 3215 277 3275 Ad
291 3215 372 3276 mala
386 3215 518 3290 quisque
532 3217 663 3277 animum
676 3218 788 3277 referat
803 3233 876 3292 sua,
898 3220 994 3290 ponet
1008 3224 1154 3272 amorem.

162 3307 214 3362 560
268 3296 413 3359 Omnibus
431 3300 482 3358 1115
497 3300 575 3360 deus
589 3302 699 3376 plusve
714 3299 855 3361 minusve
871 3299 964 3359 dedit.

227 3379 283 3451 Qui
295 3379 400 3440 Puteal
414 3382 582 3458 Ianumque
595 3384 678 3442 timet
692 3385 872 3457 ueteresque
886 3375 1056 3453 Kalendas,

267 3461 419 3536 Torqueat
431 3462 512 3526 hune
525 3465 604 3526 aeris
616 3474 719 3526 mutua
733 3482 852 3527 summa
867 3466 925 3526 sui.
