2488 4006
353 259 428 318 v111.
449 243 692 320 11111111
714 257 847 324 7-84.
1064 264 1107 326 oo

172 413 216 472 Tu
233 427 357 488 quoque
371 411 468 472 habes
484 428 632 487 proavum
644 411 788 488 Pelopem
799 412 984 488 Pelopisque
995 431 1105 491 paren-

216 495 248 555 si
261 497 369 556 melius
385 511 541 568 numeres,
561 497 668 555 alove
684 498 806 570 quintus
822 499 891 557 eris.
1025 499 1105 576 [tem.

172 579 234 638 Nec
248 579 361 640 virtute
376 595 473 639 cares.
502 583 597 639 Arma
609 580 764 640 invidiosa
778 581 887 641 tulistis

130 669 165 724 50
218 661 281 722 Sed
296 670 326 722 tu
342 663 417 737 quid
426 664 572 754 placeres?
592 663 690 724 induit
702 664 754 723 illa
768 671 863 739 pater.

78 799 79 802 ,
171 746 297 806 Materia
312 747 422 818 vellem
438 747 524 806 fortis
539 749 665 809 meliore
680 748 804 808 luisses.

213 829 279 890 Non
295 831 373 892 lecto
388 837 435 891 est
450 831 551 906 operi,
575 832 632 890 sed
647 831 718 890 data
733 845 828 892 causa
841 838 905 891 tuo.

173 913 259 973 Hanc
274 922 374 981 tamen
389 915 536 990 implesti,
553 915 719 990 iuguloque
733 915 900 990 Aegisthus
916 921 1022 990 aperto

208 997 306 1061 Tecta
321 998 502 1070 cruentavit,
526 1013 606 1072 quae
621 1006 708 1079 pater
722 1007 791 1058 aute
805 1005 885 1058 tuus.

128 1089 162 1140 55
175 1081 316 1155 increpat
328 1081 498 1153 Aeacides,
520 1079 704 1154 laudemque
720 1082 751 1139 11
767 1082 892 1141 crimina
908 1082 1009 1142 uertit:

212 1159 249 1221 Et
262 1173 364 1224 tamen
378 1171 522 1237 aspectus
538 1164 667 1223 sustinet
680 1163 730 1222 ille
746 1179 843 1224 meos.

172 1247 322 1321 Rumpor,
343 1254 374 1306 et
388 1261 442 1306 ora
456 1245 529 1305 milri
545 1247 658 1320 pariter
672 1261 742 1306 cum
756 1255 857 1306 mente
870 1253 1051 1321 tumescunt,

212 1326 403 1406 Pectoraque
418 1329 544 1390 inclusis
560 1331 681 1404 ignibus
696 1337 767 1390 usta
781 1331 895 1390 dolent.

171 1413 334 1474 Hermione
350 1429 452 1474 coram
468 1415 672 1488 quisquamne
688 1413 799 1474 obiecit
813 1413 921 1488 Oresti,

126 1505 164 1558 60
216 1497 279 1556 Nec
293 1497 365 1556 mihi
381 1504 451 1557 sunt
465 1498 565 1570 vires,
588 1513 645 1556 nec
661 1497 744 1557 ierus
758 1500 844 1558 ensis
859 1499 967 1558 adesit

170 1579 257 1640 Flere
271 1581 341 1639 licet
356 1587 446 1640 certe.
468 1579 573 1641 flendo
589 1579 789 1642 diffundimus
806 1585 889 1654 iram,

212 1663 330 1738 Perque
345 1663 602 1723 sinumlacrimae
618 1663 752 1724 fluminis
768 1666 864 1726 instar
878 1672 958 1726 eunt.

170 1747 235 1806 Has
251 1746 335 1806 solas
350 1746 450 1806 habeo
466 1763 603 1821 semper,
627 1763 811 1822 semperque
826 1750 989 1823 profundo.

212 1830 322 1893 Ument
335 1829 466 1890 incultae
483 1832 566 1889 sonte
583 1846 717 1905 perenne
731 1847 840 1905 genae.

127 1923 162 1976 65
173 1913 250 1974 Num
266 1913 387 1988 generis
403 1914 479 1985 lato,
504 1915 587 1988 quod
601 1921 725 1974 nostros
741 1924 821 1976 errat
834 1917 864 1974 in
881 1931 988 1990 annos,

212 1996 386 2057 Tantalides
401 2005 512 2058 matres
529 2005 599 2073 apta
612 1999 720 2072 rapina
735 2006 862 2070 sumus?

169 2081 236 2140 Non
252 2097 310 2156 ego
325 2079 460 2143 fluminei
475 2083 605 2142 referam
620 2082 780 2141 mendacia
795 2083 897 2160 cygni,

153 2174 156 2180 ’
212 2165 275 2224 Nec
292 2180 403 2239 querar
417 2164 447 2224 in
463 2167 573 2239 plumis
590 2166 749 2225 delituisse
763 2167 877 2226 lovem.

171 2247 237 2320 Qua
252 2248 312 2308 duo
329 2255 489 2321 porrectus
505 2252 596 2324 longe
611 2249 687 2309 freta
700 2249 824 2309 distinet
837 2249 978 2325 Isthmos

126 2337 163 2392 70
214 2333 311 2390 Vecta
325 2332 493 2406 peregrinis
508 2333 713 2408 Hippodamia
726 2333 812 2392 rotis.

171 2415 288 2474 Castori
303 2417 471 2492 Amyclaeo
487 2424 517 2476 et
531 2417 699 2493 Amyclaeo
714 2417 828 2476 Polluci

213 2499 343 2558 Reddita
357 2498 521 2574 Mopsopia
535 2501 680 2560 Taenaris
696 2500 771 2560 urbe
786 2515 888 2561 sor0r=

170 2580 316 2642 Taenaris
330 2583 422 2642 Idaeo
437 2589 522 2642 trans
537 2600 674 2658 aequora
688 2584 726 2642 ab
741 2584 864 2658 hospite
878 2591 965 2657 rapta

212 2665 373 2738 Argolicas
388 2683 442 2741 pro
461 2683 495 2728 se
510 2669 600 2728 vertit
614 2667 643 2724 11
659 2683 742 2726 arma
757 2683 875 2727 manus
897 2678 902 2682 '

126 2757 159 2810 75
170 2750 231 2812 Vix
248 2748 391 2822 equidem
406 2751 542 2824 memini,
564 2751 687 2810 memini
702 2759 811 2812 tamen.
835 2750 936 2826 omnia
951 2750 1059 2821 luctuS,

212 2831 318 2890 Omnia
333 2834 452 2894 solliciti
468 2838 560 2909 plena
573 2835 690 2894 timoris
706 2843 801 2895 crant.

167 2914 272 2974 Flebat
286 2933 361 2976 avus
376 2917 561 2993 Phoebeque
576 2934 665 2978 soror
680 2920 852 2993 fratresque
867 2917 995 2992 gemelli,

212 2999 324 3059 Orabat
338 3017 471 3074 superos
485 3002 569 3062 Leda
584 3019 734 3077 suumque
747 3003 860 3062 lovem.

168 3083 241 3156 lpsa
255 3098 329 3157 ego,
352 3100 415 3144 non
430 3087 540 3160 longos
555 3086 645 3146 etiarn
661 3094 722 3145 tum
738 3087 839 3146 scissa
850 3085 993 3158 capillos,

125 3173 161 3228 80
214 3166 385 3226 Clamabam
402 3169 482 3228 ‘sine
497 3186 560 3242 me,
583 3171 728 3239 mesine,
752 3177 858 3241 mater,
882 3167 982 3228 abist’

167 3250 243 3310 Nam
258 3253 391 3311 coniunx
407 3251 519 3312 aberat.
552 3253 596 3314 Ne
611 3269 672 3312 non
688 3253 832 3328 Pelopeia
848 3251 965 3324 credar,

208 3333 288 3394 Ecce
303 3336 502 3409 Neoptolemo
518 3338 634 3410 praeda
648 3345 754 3411 parata
769 3337 821 3396 lui.

166 3415 287 3480 Pelides
303 3418 416 3478 utinam
433 3421 560 3480 vitasset
577 3419 728 3494 Apollinis
747 3427 852 3478 arcus!

209 3501 373 3562 Damnaret
386 3505 453 3586 nati
464 3505 543 3563 lacta
557 3512 701 3578 proterva
715 3510 811 3576 pater.

897 3585 935 3646 7*
