2472 4010
160 221 202 283 aa
287 204 291 212 ’
568 220 770 282 anoaun
824 291 831 302 ,

130 401 135 408 -
243 371 326 449 Ergo
342 373 431 432 etiam
447 388 516 432 euru
532 388 581 432 me
596 385 758 447 supremus
774 373 912 434 adederit
925 359 1015 448 ignis,

286 459 412 519 Vivam.
435 471 572 531 parsque
591 457 650 516 mei
665 457 759 517 multa
773 465 932 532 superstes
952 459 1017 520 erit.

482 673 605 738 LIBER
633 673 855 738 SECUNDUS.

196 753 217 846 1
249 753 321 850 Hoc
338 805 460 864 quoque
475 791 636 863 composui
650 789 782 864 Pelignis
799 798 887 851 natus
905 791 1043 866 aquosis,
1140 815 1142 820 ¹

288 874 342 933 llle
357 889 415 948 ego
430 873 584 948 nequitiae
598 873 680 933 Naso
697 881 788 948 poeta
804 890 900 934 meae.
1045 877 1181 952 [severa

245 956 311 1016 Hoo
333 969 457 1032 quoque
480 956 570 1016 iussit
589 957 696 1016 Amor.
733 960 839 1031 prooul
860 957 946 1031 hino,
975 961 1081 1033 procul
1102 966 1181 1028 este.

286 1041 354 1109 Non
369 1041 444 1101 estis
459 1040 572 1100 teneris
587 1048 673 1114 apta,
696 1041 827 1116 theatra,
850 1042 962 1102 modis.

217 1124 293 1185 5Me
308 1125 433 1198 legatia
449 1125 557 1198 sponsi
572 1125 650 1184 laoie
664 1140 725 1184 non
739 1126 851 1199 frigida
863 1125 950 1200 virgo

285 1208 323 1267 Et
337 1209 422 1267 rudis
437 1208 541 1281 ignoto
556 1216 656 1268 taetus
671 1223 775 1266 amore
790 1225 875 1282 puer.

245 1293 348 1367 Atque
362 1292 473 1366 aliquis
489 1293 631 1351 iuvenum
648 1308 708 1365 quo
725 1309 805 1350 nune
820 1309 892 1368 ego,
916 1293 1040 1352 saueius
1055 1307 1129 1350 areu

218 1406 221 1410 -
286 1378 444 1449 Agnoscat
458 1374 599 1435 flammae
614 1376 739 1436 conseia
754 1377 842 1450 signa
857 1393 947 1448 suae,

244 1459 431 1534 Miratusque
445 1459 498 1518 diu
513 1463 601 1533 ‘quo’
618 1459 700 1519 dieat
714 1458 765 1519 ‘ab
781 1461 881 1519 indice
898 1461 1008 1522 doctus

203 1554 237 1605 10
290 1543 459 1619 conposuit
473 1559 564 1603 casus
579 1544 637 1603 iste
651 1547 745 1618 poeta
759 1547 884 1604 meost’

243 1629 348 1687 Ausus
364 1643 461 1700 eram,
485 1627 622 1700 memini,
646 1628 790 1686 caelestia
806 1628 908 1687 dioere
923 1629 1003 1688 bella

286 1711 555 1785 Centimanumque
572 1712 675 1788 Gyan,
698 1718 728 1770 et
743 1711 817 1772 satis
838 1713 900 1771 oris
916 1718 993 1770 erat:

244 1795 316 1854 Cum
331 1795 409 1853 male
424 1809 460 1853 se
474 1795 575 1854 Tellus
588 1796 651 1853 ulta
666 1802 728 1868 ost,
751 1796 932 1870 ingestaque
948 1795 1078 1872 Olympo

283 1879 390 1938 Ardua
406 1878 558 1938 devexum
572 1878 677 1939 Pelion
690 1878 770 1940 Ossa
787 1880 864 1939 tulit.

201 1972 234 2024 lt
246 1962 279 2020 ln
295 1963 435 2022 inanibus
451 1963 571 2022 nimbos
587 1970 617 2022 et
631 1979 699 2022 oum
715 1963 789 2022 love
807 1964 920 2023 lulmen
936 1952 1101 2036 habebam,

284 2047 372 2119 Quod
387 2046 466 2105 bene
481 2062 537 2120 pro
555 2048 640 2106 eaelo
656 2047 786 2106 mitteret
800 2047 851 2105 ille
861 2055 935 2106 suo.

243 2128 358 2188 Clausit
371 2131 470 2188 amica
485 2130 578 2190 iores.
607 2147 665 2204 ego
682 2147 751 2190 oum
766 2131 840 2190 love
856 2128 967 2189 tulmen
984 2129 1082 2188 omisi.

183 2235 185 2241 ’
218 2223 222 2230 ·
282 2213 404 2273 Excidit
419 2213 697 2289 ingenio-luppiter
712 2215 780 2289 ipse
793 2231 871 2274 meo.

242 2297 391 2372 luppiter,
413 2297 569 2372 ignoscas.
602 2299 643 2356 nil
658 2315 706 2358 me
725 2306 775 2358 tua
791 2297 885 2357 verba
900 2294 1055 2356 iuvabant

198 2391 233 2442 20
286 2380 396 2440 Clausa
410 2386 462 2440 tuo
477 2381 575 2441 maius
590 2383 683 2442 ianua
691 2382 809 2441 tulmen
825 2381 927 2439 habet.

240 2465 408 2526 Blanditias
423 2466 591 2539 elegosque
605 2467 700 2538 levis,
722 2481 791 2524 mea
805 2465 878 2535 tela,
902 2463 1065 2537 resumpsi.

281 2547 455 2608 Mollierunt
470 2550 561 2608 duras
577 2550 656 2608 lenia
669 2549 763 2608 verba
779 2549 871 2608 iures
888 2572 898 2582 ’

241 2632 379 2691 Carmina
394 2633 580 2708 sanguineae
596 2634 752 2692 deducunt
766 2647 882 2691 cornua
896 2630 999 2700 lunae,

281 2715 318 2774 Et
332 2724 478 2776 revocant
493 2717 600 2777 niveos
617 2717 698 2776 Solis
718 2717 817 2776 euntis
832 2731 942 2790 equos.

166 2801 170 2806 “
198 2809 231 2860 25
245 2799 381 2868 Carmine
397 2801 551 2860 dissiliunt
565 2801 701 2874 abruptis
718 2799 856 2859 iauoibus
871 2814 997 2873 angues,

281 2883 378 2956 Inque
393 2900 468 2944 suos
485 2885 584 2944 iontes
599 2901 690 2944 versa
705 2885 832 2944 recurrit
846 2899 936 2956 aqua.

240 2966 429 3028 Carminibus
444 2984 569 3028 cessere
584 2970 682 3043 iores,
706 2970 881 3042 insertaque
898 2966 993 3040 posti,

282 3049 426 3122 Quamvis
442 3052 536 3112 robur
549 3060 631 3126 erat,
653 3054 786 3111 carmine
800 3052 881 3110 vieta
898 3065 968 3110 sora
982 3055 1039 3108 est.

240 3133 317 3207 Quid
334 3136 404 3193 mihi
421 3137 570 3211 profuerit
583 3139 675 3196 velox
691 3143 828 3195 cantatus
843 3134 1000 3194 Achilles?

197 3227 232 3280 30
284 3217 362 3290 Quid
377 3237 433 3294 pro
452 3237 500 3279 me
513 3220 637 3280 Atrides
653 3221 729 3279 alter
748 3227 777 3279 et
792 3222 867 3278 alter
882 3224 989 3291 agent,

239 3301 358 3376 Quique
373 3311 417 3363 tot
431 3305 576 3376 errando,
601 3311 675 3378 quot
688 3304 784 3374 bello,
806 3301 940 3378 perdidit
954 3315 1068 3372 annos,

279 3386 397 3458 Raptus
413 3394 443 3446 et
457 3388 633 3446 Haemoniis
649 3387 760 3446 flebilis
774 3387 886 3446 Heotor
901 3385 1010 3458 equise
1096 3407 1100 3414 f
1226 3447 1227 3458 χ

237 3469 278 3527 m
292 3469 370 3528 lucie
385 3476 508 3530 tenerae
522 3471 647 3530 laudata
662 3485 757 3544 saepe
773 3471 893 3543 puellae

1217 3711 1226 3980 w
