2472 4010
55 197 61 224 ’
86 197 100 218 ”
122 215 163 285 oo
531 217 736 286 tuoe-uu

111 391 112 396 ¹
164 382 197 435 45
208 371 327 432 Avertit
341 371 443 430 vultus
458 370 568 448 Erycis
587 386 665 445 quae
680 369 824 445 possidet
839 384 938 432 arces.

250 455 326 515 Sunt
344 471 483 530 quoque,
509 455 561 530 qui
576 455 719 514 lacrimas
736 450 926 513 continuisse
942 461 1065 528 negant.

209 538 271 600 Sed
287 547 388 598 tamen
404 538 465 598 hoc
479 539 603 611 melius,
627 553 718 613 quarn
735 539 761 597 si
775 536 927 596 Phaeacia
945 539 1035 598 tellus
1058 606 1071 620 ι

251 624 390 696 Ignotum
405 623 458 683 vili
473 620 693 698 supposuisset
705 621 810 681 humo.

152 730 154 732 ·
208 707 285 765 Hinc
301 713 384 768 certe
398 706 540 766 mad-idos
557 705 701 780 fugientis
717 704 833 780 pressit
849 706 965 764 ocellos

165 801 201 858 ιιι
252 790 364 865 Mater,
387 797 417 851 et
431 791 462 848 in
477 787 597 850 cineres
613 790 718 850 ultima
733 789 816 848 dona
832 787 914 848 tulit:

207 875 284 934 Hinc
301 889 390 945 soror
405 873 435 932 in
453 881 572 948 partem
586 872 699 932 misera
714 889 783 932 cum
798 878 894 932 matre
909 872 1025 930 doloris

249 957 356 1029 Venit,
380 958 536 1018 inornatas
554 957 700 1018 dilaniata
716 971 837 1016 comas:
860 982 863 987 ·
1101 1030 1105 1037 .

209 1042 344 1116 Cumque
361 1040 421 1102 tuis
440 1057 498 1101 sua
513 1041 677 1100 iunxerunt
688 1039 892 1114 Nemesisque
907 1039 1053 1114 priorque

252 1125 380 1198 Oscula,
404 1141 461 1184 nec
477 1127 563 1184 solos
579 1125 634 1184 des
636 1125 743 1183 tituere
757 1139 863 1197 rogos

166 1219 200 1270 55
211 1209 297 1268 Delia
312 1209 508 1269 descendens
524 1208 668 1268 lelicius’
685 1209 782 1283 inquit
797 1211 910 1266 ‘amata

252 1291 325 1351 Sum
340 1293 403 1352 tibi.
432 1293 550 1363 vixisti,
576 1292 648 1352 dum
663 1299 734 1352 tuus
749 1292 828 1365 ignis
844 1292 950 1349 eram!

98 1388 99 1392 ’
188 1377 262 1458 'Cur
275 1358 440 1519 Neders
445 1339 588 1518 urd2a1t
603 1354 847 1518 ‘trbrgsun
770 1391 819 1433 me
821 1358 967 1478 damna
982 1333 1105 1482 tsslorrt

251 1460 362 1518 lllcten
388 1467 556 1519 rtsmorre
572 1459 664 1519 defici
705 1463 863 1518 tssernanu

210 1543 241 1602 Si
257 1551 357 1622 tamen
373 1559 389 1602 e
406 1543 494 1603 nobis
511 1544 627 1618 aliquid
642 1544 702 1606 nisi
716 1559 829 1602 nornen
845 1551 875 1602 et
891 1541 998 1600 umbra

166 1636 201 1689 60
253 1628 404 1701 Restat,
397 1645 427 1686 ιιι
442 1628 549 1703 Elysia
563 1627 643 1686 valle
655 1625 792 1686 Tibullus
808 1627 873 1685 erit.

211 1710 325 1770 Obvius
341 1709 411 1771 huic
428 1712 549 1782 venias,
573 1710 689 1769 hedera
703 1711 856 1770 iuvenalia
872 1711 990 1768 cinctus

250 1794 416 1870 Tempora,
441 1809 509 1854 cum
515 1794 636 1868 Calvo,
660 1795 750 1854 docte
766 1795 897 1863 Catulle,
922 1801 984 1856 tuo

208 1878 252 1938 Tu
268 1894 407 1954 quoque,
431 1880 458 1938 si
473 1879 583 1938 salsum
599 1885 646 1937 est
660 1879 796 1938 temerati
814 1879 927 1936 crimen
947 1875 1050 1945 amici,

251 1962 415 2036 Sanguinis
432 1970 462 2022 a
464 1979 525 2038 que
540 1962 659 2021 animae
674 1961 804 2036 prodige
817 1961 902 2020 Galle
917 1969 996 2032 tuae.
1015 1957 1145 2053 [umbra

135 2046 266 2108 „65His
288 2063 393 2106 comes
407 2046 556 2111 umtbra
544 2053 596 2106 tua
617 2054 673 2108 est.
709 2046 799 2120 siqua
824 2052 871 2104 est
860 2046 982 2104 ιιιιοιιο
1004 2043 1145 2118 corporis
1228 2035 1229 2092 l

249 2130 372 2189 Auxisti
387 2145 546 2204 numeros,
570 2131 649 2189 culte
662 2128 795 2202 Tibulle,
819 2131 919 2224 pios.

211 2212 290 2274 Ossa
306 2215 425 2310 quieta,
448 2229 574 2289 precor,
598 2221 661 2273 tuta
675 2207 860 2289 requiescite
872 2213 1010 2284 lamna,

251 2297 330 2356 Et
305 2305 345 2358 sit
333 2297 469 2357 thamus
486 2299 579 2358 cineri
595 2313 656 2356 non
672 2311 805 2358 onerosa
818 2304 886 2356 tuo!

129 2425 184 2519 10
213 2430 326 2522 Annua
341 2471 490 2524 venerunt
505 2465 637 2524 Cerealis
653 2474 793 2539 tempora
808 2464 897 2524 sacri.
987 2507 990 2514 .

254 2546 388 2606 Secubat
400 2549 432 2606 in
452 2563 552 2608 vacuo
569 2550 637 2607 sola
653 2549 755 2624 puella
769 2558 847 2609 toro.

208 2630 301 2689 Flava
316 2630 424 2703 Ceres,
446 2639 555 2692 tenues
572 2630 667 2708 spicis
681 2633 822 2691 redimita
838 2631 980 2706 capillos,

252 2715 311 2774 Cur
325 2713 444 2774 inhibes
461 2712 558 2776 sacris
575 2717 738 2778 commoda
751 2723 858 2778 nostra
872 2715 953 2775 tuis?

179 2797 263 2867 5Te,
287 2799 359 2870 dea,
383 2799 557 2859 munificam
575 2807 681 2874 gentes
698 2801 874 2874 ubiquaque
888 2800 1043 2860 locuntur:

249 2882 313 2941 Nec
327 2883 426 2942 minus
441 2884 582 2942 humanis
598 2885 716 2944 invidet
729 2885 790 2944 ulla
805 2881 905 2942 bonis.

208 2968 287 3024 Ante
301 2981 359 3024 nec
372 2966 480 3026 hirsuti
497 2967 652 3027 torrebant
667 2969 749 3028 farra
765 2968 881 3042 coloni,

248 3046 311 3106 Nec
327 3057 429 3108 natum
445 3050 533 3109 terris
549 3066 621 3110 area
635 3067 745 3110 nornen
761 3059 839 3110 erat:

208 3131 428 3213 SedUglandem
445 3149 593 3208 quercus,
617 3135 742 3195 oracula
757 3137 869 3210 prima,
892 3135 1045 3195 ferebant=

165 3227 199 3277 ιο
251 3216 336 3275 Haec
351 3224 417 3276 erat
431 3225 461 3276 ct
477 3219 574 3277 teneri
589 3219 736 3293 caespitis
752 3218 849 3278 herba
865 3219 963 3279 cibus,

206 3300 305 3360 Prima
321 3300 414 3360 Ceres
430 3301 534 3360 docuit
548 3307 725 3376 turgescere
740 3318 845 3362 semen
861 3304 890 3362 in
907 3302 1004 3376 agris,

248 3385 339 3444 Falce
354 3385 507 3443 coloratas
524 3382 743 3460 subsecuitque
758 3401 879 3445 comas:

207 3466 307 3527 Prima
322 3468 401 3542 iugis
417 3476 524 3527 tauros
540 3475 717 3542 supponere
733 3472 812 3530 colla
827 3472 942 3544 coegit,
