2498 4008
133 229 194 293 176
492 223 632 284 ARTIS
657 223 794 282 ΑΜΑΤ.

217 380 295 438 Nota
310 394 397 436 cano.
420 385 482 434 non
497 374 569 448 hoo,
593 381 713 434 centum
728 390 807 450 quae
822 374 952 434 sustinet
966 375 1071 450 urbes,
1094 449 1098 454 Ι

261 459 404 534 Quamvis
421 457 459 517 sit
473 459 620 529 mendax,
645 458 730 516 Creta
745 473 858 531 negare
873 464 985 531 potest.

218 546 290 618 ipsa
303 559 401 603 00000
416 541 542 602 frondes
558 547 587 600 et
603 547 686 614 prata
702 541 864 599 tenerrima
878 548 965 600 tauro

153 638 208 689 300
260 627 366 686 Fertur
380 624 540 685 inadsueta
554 622 753 682 subsecuisse
767 639 869 682 manu.
943 686 946 692 ,

219 711 244 769 10
259 725 362 770 comes
379 708 531 767 armentis.
554 721 611 765 000
626 706 733 765 ituram
748 721 821 766 cura
835 713 969 766 irroratur

262 792 415 866 Coniugis.
440 798 469 850 et
483 789 582 848 Minos
598 805 616 848 a
632 789 710 848 bove
725 789 823 850 victus
841 787 918 850 erat'

100 940 102 946 ,
166 879 167 884 ’
220 877 285 950 Quo
301 874 369 949 tibi,
392 873 556 948 Pasiphae,
580 871 732 948 pretiosas
748 888 869 932 sumere
881 880 1008 940 vestest
1106 885 1108 890 ·

262 951 397 1018 11100000
413 957 511 1016 nullas
527 957 617 1015 sentit
631 956 749 1015 adulter
764 971 850 1030 opes.

154 1049 206 1104 305
219 1041 297 1115 Quid
311 1041 363 1102 tibi
379 1056 447 1100 cum
460 1039 601 1114 speculo,
622 1047 766 1100 montana
781 1048 915 1099 armenta
928 1039 1064 1114 petenti?

263 1124 341 1198 Quid
356 1126 467 1184 totiens
484 1123 601 1196 positas
616 1122 722 1196 surgis,
746 1120 865 1198 inepta,
887 1129 1013 1182 comas?
1097 1193 1100 1202 Ι

222 1208 317 1266 Crede
331 1214 432 1265 tamen
447 1206 590 1280 speculo,
615 1205 698 1279 quod
713 1211 743 1264 te
757 1214 848 1282 negat
862 1221 932 1265 0000
948 1207 1122 1265 iuvencam.

262 1290 357 1362 Quam
372 1305 501 1364 cuperes
517 1288 607 1348 fronti
621 1305 736 1350 cornua
750 1297 821 1348 0000
835 1295 919 1350 00001

220 1372 291 1434 Sive
306 1374 406 1447 placet
419 1373 534 1444 Minos,
558 1373 657 1431 001100
674 1380 835 1447 quaeratur
850 1372 980 1433 000100οι

155 1466 208 1518 310
261 1455 333 1514 Sive
349 1456 447 1515 virum
462 1455 559 1514 mavis
572 1456 692 1530 1011000,
714 1457 785 1514 10110
800 1457 880 1515 viro!

219 1541 254 1598 ln
268 1554 374 1598 nemus
389 1547 419 1597 00
433 1540 528 1618 001000
544 1537 676 1615 thalamo
693 1539 798 1612 regina
814 1539 917 1599 relicto

260 1622 379 1696 Fertur,
402 1630 435 1683 ut
448 1623 549 1683 Aonio
565 1623 684 1681 concita
698 1622 815 1682 0000100
830 1622 898 1680 deo.

219 1706 261 1780 A,
284 1707 424 1779 quotiens
438 1721 563 1766 vaccam
578 1707 661 1764 vultu
679 1705 829 1779 spectavit
844 1704 959 1780 iniqua,

261 1789 299 1847 Et
316 1789 390 1848 dixit
405 1789 541 1850 ‘domino
558 1804 611 1848 cur
627 1790 727 1864 piacet
740 1790 799 1849 ista
814 1795 903 1848 ment

152 1871 348 1946 sumptae,
368 1879 400 1931 ut
413 1879 482 1930 0000
497 1873 597 1946 ipsum
613 1872 724 1931 teneris
741 1873 853 1933 exultet
868 1873 899 1931 in
914 1870 1034 1930 herbis=
1101 1887 1103 1892 ·

261 1953 322 2013 Nec
338 1955 458 2030 dubito,
483 1956 555 2030 quin
570 1971 605 2016 00
619 1956 710 2016 stulta
726 1955 834 2015 decere
850 1959 958 2032 putet!

219 2037 314 2110 Dixit,
338 2046 368 2097 00
382 2038 494 2112 ingenti
509 2039 685 2098 iamdudum
701 2037 844 2114 degreg'e
859 2039 929 2098 duci

222 2151 225 2162 ·
260 2121 353 2180 Iussit
364 2130 395 2181 00
411 2121 577 2182 inmeritam
593 2122 650 2204 sub
665 2123 735 2196 iuga
751 2138 844 2182 curva
860 2121 946 2195 000101,

219 2204 280 2262 Aut
295 2205 406 2263 cadere
420 2214 491 2266 unte
509 2221 577 2264 aras
595 2212 826 2285 commentaque
843 2222 931 2266 sacra
947 2207 1059 2282 coegit,

151 2295 206 2348 *320
258 2287 296 2346 Et
309 2290 403 2348 tenuit
417 2289 496 2348 10000
511 2290 616 2364 pelicis
632 2297 702 2349 exta
716 2306 816 2350 manu.

217 2369 367 2430 Pelicibus
383 2372 525 2445 quotiens
541 2371 672 2446 placavit
686 2375 810 2432 numina
825 2373 933 2446 caesis,

259 2455 361 2527 Atque
376 2455 430 2528 010,
454 2462 524 2514 exta
537 2463 644 2516 tenens
660 2457 727 2531 tite,
750 2459 867 2532 placete
883 2471 951 2516 mco
961 2460 980 2514 ε’

219 2536 257 2596 Et
270 2537 362 2596 modo
379 2553 413 2596 se
427 2537 571 2614 Europen
585 2539 666 2614 fieri,
687 2541 780 2601 modo
796 2541 930 2616 postulat
947 2541 989 2613 Io,

246 2621 364 2680 xAltera
380 2622 464 2696 quod
480 2621 538 2682 bos
553 2629 615 2695 est,
639 2625 733 2684 attera
748 2631 836 2684 vecta
850 2624 939 2686 bove.

152 2709 205 2762 325
216 2701 301 2761 Hanc
317 2709 416 2764 tamen
432 2705 582 2781 implevit,
604 2723 701 2766 vacca
715 2708 862 2784 deceptus
877 2723 997 2778 acerna,

260 2787 328 2846 Dux
344 2789 460 2864 gregis,
482 2797 512 2849 00
527 2798 631 2866 partus
647 2791 786 2866 proditus
802 2798 908 2852 auctor
923 2795 995 2850 0000.

218 2868 330 2928 Cressa
343 2871 497 2948 Thyesteo
514 2875 540 2934 si
555 2890 590 2934 00
601 2873 801 2936 abstinuisset
812 2889 945 2948 aurore..

259 2951 310 3010 Ei!
332 2964 477 3028 quantum
492 2964 553 3030 000,
577 2959 630 3018 001
647 2974 743 3034 posse
759 2959 882 3034 placere
898 2959 1001 3018 virot..

216 3034 283 3093 Non
298 3038 431 3098 medium
446 3041 581 3114 rupisset
594 3042 665 3114 iter,
689 3057 841 3120 curruque
856 3051 970 3104 retorto
1037 3068 1041 3073 ·

152 3123 207 3178 000
257 3119 409 3181 Auroram
423 3123 523 3183 versis
537 3123 679 3185 Phoebus
694 3125 812 3186 adisset
826 3118 941 3204 equis(

216 3201 291 3261 Filia
307 3220 479 3280 purpureos
493 3207 567 3267 Niso
582 3208 680 3269 furata
694 3211 823 3285 capillos

259 3284 341 3346 Pube
356 3290 465 3362 premit
478 3291 603 3352 rabidos
618 3293 854 3370 inguinibusque
869 3308 973 3354 canes.

219 3366 274 3438 Qui
289 3368 416 3440 Martem
430 3381 524 3446 terra,
546 3375 715 3448 Neptunum
731 3375 837 3452 effugit
852 3377 881 3438 in
896 3376 999 3454 000110,

262 3449 404 3526 Coniugis
419 3455 541 3516 Atrides
556 3457 677 3518 victime
691 3459 757 3520 dira
771 3461 836 3522 tun.
