2488 4006
134 231 197 295 112
490 267 492 273 ·
520 221 769 290 HEROIDES.
828 227 834 236 '

220 383 337 442 Interea
353 381 469 456 patrius
484 379 570 439 vultu
583 387 737 440 maerente
752 381 875 439 satelles

262 464 367 539 Venit,
389 471 420 524 et
434 463 577 537 indignos
594 463 688 522 edidit
704 479 758 523 ore
773 478 869 522 sonos

177 559 211 614 95
224 549 353 609 ‘Aeolus
368 547 448 606 hanc
463 563 569 606 ensem
585 545 672 606 mittit
685 547 784 605 tibi'...
800 546 923 606 tradidit
938 561 1075 606 ensem...
1142 588 1144 592 -

263 633 314 691 ‘Et
327 631 411 691 iubet
425 647 463 690 ex
478 630 584 689 merito
601 631 695 710 spire,
719 629 866 704 quidiste
880 631 975 689 velit?
1003 669 1007 674 -

221 715 352 776 Scimus.
374 721 404 774 et
417 716 536 774 utemur
550 713 685 772 violento
700 713 816 772 fortiter
830 727 914 772 ense

262 798 439 858 Pectoribus
459 797 588 856 condam
607 797 689 856 dona
705 803 829 870 patema
844 797 931 854 meis.
1005 807 1007 814 ’

220 882 275 942 His
292 897 361 940 mea
377 879 568 953 muneribus,
590 879 709 954 genitor
717 913 727 952 ,-
747 879 877 938 conubia
892 879 1010 940 donas?
1106 900 1111 904 ·

157 977 208 1030 100
261 965 326 1024 Ηο0
340 972 393 1031 100
410 965 495 1038 dote,
515 969 615 1038 pater,
638 963 699 1022 filia
715 963 801 1022 dives
817 963 894 1021 00111

220 1051 304 1109 Tolle
319 1047 428 1123 procul
445 1047 574 1122 decepte
590 1047 689 1121 laces,
711 1045 902 1120 Hymenaee,
925 1047 1056 1119 maritas,

263 1131 300 1191 Et
315 1133 387 1206 luge
401 1130 521 1190 turbato
537 1137 618 1189 tecta
631 1129 763 1190 nefanda
783 1130 872 1203 pede.
914 1183 917 1186 .
956 1161 958 1168 ,

220 1215 308 1276 Ferte
324 1216 408 1274 laces
424 1215 453 1273 in
470 1229 534 1286 me,
558 1229 636 1288 quas
652 1213 752 1286 lentis,
772 1213 903 1288 Erinyes
919 1220 1010 1287 atrae,

262 1298 310 1358 Ac
325 1314 411 1356 meus
427 1313 465 1354 ex
483 1297 542 1356 isto
557 1297 658 1357 luceat
672 1298 742 1370 igne
755 1311 859 1370 rogus
915 1320 918 1325 ·
1061 1307 1064 1311 ’

157 1393 208 1446 105
219 1381 328 1442 Nubite
344 1381 449 1440 felices
467 1380 563 1438 Parca
578 1380 702 1438 meliore
718 1395 852 1454 sorores,

263 1466 408 1524 Amissae
422 1477 574 1522 memores
590 1462 647 1522 sed
661 1469 761 1521 tamen
777 1471 842 1522 este
857 1463 926 1522 mei.

222 1549 299 1622 Quid
315 1563 393 1622 puer
408 1545 531 1605 admisit
545 1553 605 1604 tam
623 1547 728 1620 paucis
743 1545 842 1606 editus
858 1547 963 1606 horis?

246 1672 250 1676 ,
264 1631 330 1704 Quo
346 1629 435 1690 laesit
448 1630 529 1690 iacto
545 1629 598 1688 vix
611 1628 691 1688 bene
704 1635 792 1689 natus
808 1637 920 1688 avum?

224 1715 256 1776 Si
271 1713 370 1790 potuit
383 1713 534 1773 meruisse
548 1727 669 1785 necem,
694 1713 844 1773 meruisse
858 1720 995 1788 putetur:

158 1809 209 1862 110
261 1800 304 1856 A!
327 1796 420 1856 miser
434 1797 569 1856 admisso
587 1797 726 1870 plectitur
741 1796 791 1855 ille
806 1803 889 1855 meo!

221 1882 313 1955 Nate,
336 1881 425 1940 dolor
440 1879 559 1951 matris,
582 1879 756 1953 rapidarum
772 1881 1043 1955 praedalerarum,

172 2016 174 2021 .
264 1964 299 2023 Ei
314 1964 401 2037 mihi,
424 1963 515 2023 natali
530 1963 693 2022 dilacerate
709 1968 776 2021 tuo:

221 2049 311 2121 Nate,
333 2063 441 2122 parum
459 2046 550 2106 fausti
563 2045 736 2105 miserabile
752 2045 861 2120 pignus
876 2048 1003 2108 amoris:

264 2131 347 2190 Haec
362 2131 415 2190 tibi
432 2130 529 2204 prima
543 2129 625 2203 dies,
649 2129 725 2188 haec
740 2129 794 2188 tibi
807 2145 926 2188 summa
940 2131 1005 2191 luit.

157 2226 208 2292 115
219 2216 286 2275 Non
300 2213 373 2274 mihi
391 2220 421 2272 te
435 2214 518 2279 licuit
531 2213 664 2272 lacrimis
681 2213 870 2288 perfundere
883 2214 980 2287 iustis,

263 2299 296 2358 In
311 2307 363 2359 tua
377 2313 439 2356 non
457 2304 564 2357 tonsas
580 2297 659 2355 ierre
673 2296 838 2371 sepulchra
852 2312 971 2358 comas:

221 2383 288 2443 Non
304 2397 398 2456 super
412 2381 549 2455 incubui,
569 2397 634 2439 non
649 2382 756 2440 oscula
770 2380 880 2454 frigida
894 2380 1004 2456 carpsi.

263 2465 413 2539 Diripiunt
428 2464 537 2523 aridae
552 2464 673 2523 viscera
688 2470 793 2524 nostra
806 2464 899 2524 lerae.

221 2549 294 2624 Ipsa
309 2563 435 2624 quoque
447 2548 570 2608 infantis
586 2563 654 2606 cum
669 2548 795 2607 vulnere
811 2563 982 2622 prosequar
996 2546 1137 2618 umbras

158 2642 211 2696 120
264 2631 326 2690 Nec
341 2639 437 2691 mater
452 2632 538 2691 luero
555 2630 648 2703 dicta,
671 2645 728 2690 000
743 2630 818 2691 orba
833 2631 894 2692 diu

221 2715 392 2789 Telamon,
416 2721 449 2774 o!
473 2715 585 2774 frustra
599 2714 730 2774 miserae
745 2721 867 2790 sperate
882 2717 989 2786 sorori,

265 2797 396 2872 Sparsa,
421 2813 543 2872 precor,
564 2798 628 2857 ‘nati
643 2798 752 2872 collige
767 2798 902 2858 membra
917 2798 967 2872 tui,

214 2881 259 2944 ‚Et
273 2881 354 2940 refer
367 2882 407 2941 ad
421 2887 547 2940 matrem
562 2881 711 2956 socioque
726 2881 840 2956 inpone
854 2881 1029 2956 sepulchro,

264 2965 411 3038 Urnaque
425 2980 482 3025 nos
499 2963 610 3024 habeat
625 2965 789 3038 quamlibet
802 2973 867 3026 arte
883 2965 971 3025 duos.
1059 2958 1066 2966 ’

158 3058 208 3110 125
220 3047 300 3106 Vive
314 3063 431 3106 memor
444 3048 549 3108 nostri.
570 3048 774 3130 lacrimasque
788 3051 818 3108 in
833 3049 959 3108 vulnera
974 3048 1076 3119 funde,

264 3130 347 3189 Neve
362 3131 526 3190 reformida
541 3147 654 3210 corpus
669 3133 797 3192 amantis
812 3148 928 3192 amans

222 3215 281 3286 Tu,
303 3229 391 3288 rogo,
414 3213 542 3273 dilectae
558 3216 680 3274 nimium
696 3217 839 3276 mandata
855 3216 970 3278 sororis
1050 3229 1052 3232 ·

263 3297 374 3356 Perfer.
397 3298 547 3357 mandatis
563 3299 702 3373 perfruar
715 3301 784 3375 ipsa
800 3301 906 3376 patris,
