2488 4006
229 280 278 340 iu.
301 280 386 338 111.
409 253 501 342 ’11-
515 278 585 342 rao.
618 237 840 338 1111111111
865 277 930 340 1-
945 279 996 342 aa
1060 277 1124 346 111

579 477 643 540 xit.

189 565 233 658 th
246 595 300 656 trbi
316 595 517 658 colchorum..
533 597 676 656 memini..
691 598 799 671 regina
813 599 931 670 vacavi,
975 621 978 626 ’

229 683 289 740 Ars
305 696 389 754 mea,
411 696 481 740 curn
497 688 634 755 peteres,
654 687 688 742 ut
703 680 755 740 tibi
770 681 862 740 111111
879 697 980 756 openr.

187 765 270 824 Tunc
286 779 366 838 quae
381 763 564 838 dispensant
581 765 720 826 mortalia
738 765 800 824 lata
815 781 939 826 sorores
1026 813 1028 818 .

230 847 405 908 Debuerant
418 847 506 908 lusos
520 847 677 909 evoluisse
691 863 788 908 meos.

157 934 263 994 511111
277 931 362 1007 potui
376 931 578 991 Medeamori
592 932 681 992 bene.
705 931 854 1006 quidquid
868 931 907 990 ab
921 932 980 990 illo-

228 1014 363 1076 Produxi
381 1015 474 1074 vitam
488 1023 640 1090 ternpore,
664 1031 765 1090 poena
781 1017 843 1077 luit.

185 1099 221 1158 Ei
235 1098 322 1160 mihi!
345 1113 560 1171 ennumquam
575 1099 768 1158 iuvenalibus
784 1106 852 1160 acta
866 1098 988 1158 lacertis

228 1181 388 1240 Phrixeam
403 1181 489 1254 petiit
502 1181 602 1241 Pelias
618 1182 711 1240 arbor
726 1188 838 1240 ovemt

188 1265 249 1334 Cur
260 1279 404 1339 umquam
420 1261 526 1324 Colchi
542 1265 717 1338 Magnetida
732 1264 863 1324 vidimus
878 1264 993 1337 Argon,

146 1359 179 1412 10
231 1349 394 1422 Turbaque
406 1347 586 1411 Phasiacam
600 1349 691 1408 Graia
703 1347 824 1408 bibistis
840 1353 974 1420 aquamt

188 1434 246 1494 cur
260 1431 333 1492 rnihi
351 1432 419 1506 plus
435 1447 536 1506 aequo
552 1431 625 1492 flavi
642 1434 785 1508 placuere
801 1430 902 1506 capilli

229 1517 267 1576 Et
282 1517 377 1576 decor
391 1525 421 1575 et
434 1516 557 1602 linguae
571 1518 668 1590 gratia
681 1515 754 1576 licta
768 1522 860 1576 tuae?

187 1603 249 1662 Aut
264 1599 360 1659 semel
374 1599 404 1658 in
419 1605 542 1660 nostras
558 1600 704 1674 quoniam
718 1615 800 1659 nova
814 1600 927 1674 puppis
942 1599 1073 1666 harenas

229 1685 379 1754 Venerat,
404 1681 531 1744 audacis
546 1685 748 1757 attuleratque
763 1683 857 1756 viros,

146 1777 179 1828 11
191 1767 268 1826 lsset
282 1765 442 1826 anhelatos
458 1783 518 1826 non
535 1767 780 1841 praemedicatus
795 1768 824 1826 in
841 1768 927 1840 ignes

228 1851 391 1910 Immemor
404 1849 581 1910 Aesonides
597 1865 712 1925 oraque
727 1851 848 1910 adunca
861 1850 964 1922 boum,

188 1933 311 1994 Semina
325 1934 474 2006 sevisset,
497 1935 623 1996 totidem
639 1935 773 1996 sevisset
788 1941 817 1994 et
831 1934 947 2007 hostes,

228 2018 266 2077 Et
282 2018 406 2077 caderet
420 2019 502 2079 cuitu
517 2019 615 2079 cultor
629 2019 668 2078 ab
683 2019 751 2094 ipse
767 2034 835 2078 suo.

188 2101 335 2175 Quantum
351 2102 500 2176 perfidiae
515 2110 629 2177 tecum,
653 2104 816 2174 scelerate,
838 2101 978 2176 perisset,

144 2195 179 2248 20
231 2185 361 2260 Dempta
375 2185 475 2245 forent
490 2185 581 2260 capiti
597 2202 688 2260 quarn
704 2187 783 2246 mala
798 2186 892 2246 multa
907 2191 989 2244 111111

186 2269 241 2330 Est
255 2269 357 2343 aliqua
372 2269 489 2343 ingrato
505 2270 644 2330 meritum
658 2269 846 2344 exprobrare
861 2269 1018 2344 voluptas:

229 2353 294 2412 Hac
309 2353 402 2414 iruar.
425 2352 503 2430 haec
518 2353 557 2412 de
573 2361 603 2412 11
618 2354 731 2426 gaudia
746 2354 814 2412 sola
830 2354 933 2412 leram.

186 2437 294 2496 Iussus
312 2437 502 2511 inexpertam
517 2437 648 2496 Colchos
665 2438 825 2497 advertere
842 2436 976 2510 puppim,

229 2520 350 2582 intrasti
367 2521 481 2594 patriae
495 2536 592 2595 regna
605 2521 695 2582 beata
709 2535 805 2580 meae.

142 2614 177 2666 15
188 2603 255 2664 Η11
270 2604 331 2664 illio
344 2603 454 2664 Medea
469 2604 525 2677 ini,
548 2620 630 2664 nova
644 2611 738 2680 nupta
753 2603 835 2678 quod
851 2602 900 2660 hio
916 2609 970 2660 ost.
1028 2623 1031 2632 ⁴

230 2687 325 2761 Quam
341 2694 427 2762 pater
442 2696 489 2748 est
502 2689 558 2759 illi,
582 2695 643 2748 tarn
658 2689 729 2748 mihi
746 2689 834 2746 dives
850 2693 923 2744 erat.

187 2771 243 2830 Hic
257 2771 403 2847 Ephyren
419 2772 581 2842 birnarern,
605 2772 732 2852 Scythia
746 2779 834 2831 tenus
850 2770 900 2828 ille
915 2767 1024 2828 nivosa

230 2853 326 2914 Omne
341 2861 437 2926 tenet,
460 2855 546 2916 Ponti
562 2873 624 2930 qua
641 2859 733 2931 plaga
748 2856 837 2916 laeva
850 2855 939 2912 iacet.

186 2939 308 3013 Accipit
321 2939 456 3013 hospitio
472 2939 599 3000 iuvenes
614 2941 712 3000 Aeeta
726 2940 884 3012 Pelasgos,

143 3029 179 3082 30
231 3022 268 3080 Et
282 3024 419 3098 premitis
436 3023 535 3098 pictos
550 3039 682 3098 corpora
699 3023 789 3087 Graia
803 3031 899 3082 toros.

185 3105 268 3165 Tune
284 3121 342 3180 ego
358 3115 387 3168 11
401 3107 481 3182 vidi,
500 3115 571 3168 tuno
587 3109 676 3182 coepi
692 3109 785 3181 scire,
809 3104 879 3180 quis
895 3120 992 3166 esses.

228 3189 284 3250 1111
298 3191 355 3251 1111
368 3192 477 3252 mentis
494 3192 592 3266 prima
608 3193 696 3252 ruina
710 3208 806 3252 meae.

184 3271 222 3332 111
236 3273 297 3333 vidi
312 3281 342 3334 et
357 3276 443 3350 perii.
465 3291 522 3335 nec
537 3276 617 3336 notis
633 3276 755 3351 ignibus
770 3275 840 3347 arsi,

227 3357 325 3417 Ardet
340 3367 373 3418 ut
389 3359 428 3419 ad
444 3375 572 3434 magnos
590 3361 679 3434 pinea
693 3360 783 3420 taeda
798 3359 884 3417 deos.
990 3393 993 3398 -

141 3447 177 3501 35
187 3440 224 3499 Et
240 3443 397 3504 formosus
411 3459 494 3516 eras,
517 3451 546 3504 et
560 3459 609 3502 me
623 3455 691 3504 mea
707 3444 766 3502 lata
781 3440 949 3500 trahebant.
1065 3455 1071 3462 ·

226 3525 426 3588 Abstulerant
440 3527 520 3590 oculi
535 3527 647 3586 lunrina
665 3532 771 3587 nostra
788 3524 839 3584 tui.

142 3621 224 3666 ovru.
246 3609 268 3668 1.
936 3615 955 3668 a
