2472 4010
450 182 505 255 ΙΙΙ,
519 181 554 255 9,
569 181 669 244 45-
683 181 738 256 ΙΙ,
754 182 783 244 2.

227 337 265 397 ttt
280 343 415 396 veterem
429 351 524 395 curva
539 335 630 394 dente
645 336 764 396 revellit
777 336 914 396 hamum.

145 433 178 485 15
191 423 276 482 Hane
293 419 455 495 quisquam
470 419 603 479 lacrimis
618 420 723 480 laetari
739 421 836 480 eredit
850 427 1016 494 amantum,
1127 439 1130 446 ’

231 505 268 564 Et
282 505 362 564 bene
377 505 534 564 tormentis
551 502 755 579 seeubituque
770 504 852 564 eali?

81 585 86 596 '
187 591 248 649 Nee
263 597 363 648 tamen
380 593 442 660 est,
467 587 609 665 quamvis
624 603 716 662 egros
733 596 813 648 amet
826 588 877 647 illa
892 588 1026 662 lereees,

230 673 365 733 Rustica.
395 686 453 730 nee
468 672 592 750 viduum
608 679 718 746 paetus
737 673 850 732 amoris
867 670 967 730 habet.

189 758 292 817 Cretes
308 763 397 814 erunt
409 761 521 816 testes·
545 771 603 816 nee
621 756 739 829 fingunt
755 757 855 816 omnia
869 755 983 815 Crates.

99 851 180 902 -20
233 841 335 911 Crete,
356 838 468 902 nutrito
485 848 563 899 terra
579 841 715 914 superba
731 839 815 899 love.
1043 845 1045 850 '

100 959 145 970 -
189 925 269 998 lilia,
292 925 443 983 sideream
458 923 562 983 mundi
579 925 630 997 qui
641 930 796 999 temperet
811 939 927 998 arcem,

100 1043 143 1054 --
229 1007 368 1082 Exiguus
385 1008 554 1066 tenero'lae
568 1006 644 1065 bibit
659 1022 712 1065 ore
731 1024 816 1082 puer.

99 1127 143 1137 -
186 1091 298 1166 Magna
313 1090 391 1148 fides
407 1091 487 1148 testi.
515 1091 602 1149 testis
618 1091 762 1149 laudatur
774 1092 906 1152 alumne.

228 1174 394 1234 Fassuram
410 1173 549 1231 Cererem
567 1173 694 1231 erimina
712 1180 786 1233 note
800 1182 884 1248 pute.

145 1270 180 1322 25
191 1252 319 1318 Viderat
332 1257 445 1317 Iasium
461 1256 589 1315 Cretaea
603 1256 675 1316 dive
690 1257 747 1316 sub
762 1257 817 1316 lda

228 1343 384 1416 Figentem
404 1349 486 1401 certa
499 1348 585 1414 terga
599 1341 697 1400 lerina
708 1356 807 1400 manu.

185 1427 284 1500 Vidit,
309 1433 338 1486 et
352 1432 386 1485 ut
400 1432 524 1485 tenerae
539 1423 692 1484 flammam
707 1440 840 1500 rapuere
855 1426 1021 1498 medullae,

229 1511 307 1568 Hine
323 1511 438 1585 pudor,
461 1510 567 1568 exilia
582 1516 670 1585 perte
683 1509 822 1568 trahebat
836 1526 932 1569 amor.

130 1628 134 1631 -
187 1593 294 1653 Victus
311 1609 415 1660 amare
429 1593 539 1667 pudor.
568 1592 680 1653 Suleos
695 1609 782 1652 arere
796 1593 935 1667 videres,

145 1687 180 1740 30
232 1678 269 1736 Et
282 1681 351 1737 sata
366 1691 435 1736 eum
449 1675 578 1734 minima-
588 1685 674 1750 parte
689 1677 789 1736 redire
805 1679 861 1738 sui.

188 1761 263 1822 Cum
279 1761 358 1821 bene
373 1759 474 1820 laetati
490 1762 648 1835 pulsarant
662 1776 737 1818 arva
752 1761 888 1834 ligoneS,

227 1847 364 1920 Ruperat
379 1852 409 1904 et
424 1839 653 1912 duram'vamer
667 1844 806 1904 aduncus
823 1845 962 1918 humum,

177 1929 372 2004 Seminaque
390 1929 421 1988 in
435 1930 516 1992 latos
530 1929 628 1988 ierant
642 1929 810 2002 aequaliter
824 1944 917 2003 agros
926 1928 943 2002 ‚'

229 2013 320 2073 inrita
336 2014 456 2088 decepti
471 2020 543 2073 vata
558 2012 686 2072 colentis
700 2019 797 2072 erant.

145 2107 179 2160 35
189 2097 266 2157 Diva
282 2105 393 2171 potens
409 2097 529 2170 frugum
546 2097 633 2157 silvis
649 2096 792 2156 eessabat
806 2097 933 2157 maltis:

230 2182 414 2241 Deciderant
426 2183 537 2254 longae
552 2181 660 2256 spieea
672 2189 754 2240 serta
770 2196 887 2241 comae.

81 2271 90 2282 “
189 2264 261 2325 Sela
276 2267 330 2340 luit
345 2267 432 2325 Crete
449 2265 581 2326 fecundo
598 2264 705 2324 lertilis
721 2281 815 2326 anno:
893 2313 896 2322 .

230 2348 350 2422 Omnia,
376 2365 436 2424 qua
449 2349 559 2408 tulerat
572 2365 606 2408 se
622 2349 694 2423 dea,
717 2349 828 2408 messis
844 2356 917 2408 erat.
976 2347 983 2354 “

187 2433 258 2507 lpse
274 2436 361 2495 loeus
378 2449 536 2494 nemorum
552 2427 681 2492 canebat
695 2433 833 2506 frugibus
848 2433 935 2504 ldae,

143 2527 180 2577 40
232 2517 270 2577 Et
288 2518 370 2577 serus
386 2517 414 2574 in
432 2517 510 2577 silva
526 2518 607 2576 sarra
621 2515 752 2578 metebat
768 2533 851 2591 aper.

188 2600 309 2675 Optavit
321 2601 421 2661 Minos
438 2601 552 2660 similes
568 2601 627 2660 sibi
641 2601 748 2676 legiler
763 2617 871 2660 annes.
895 2636 897 2644 ι

230 2684 389 2760 Optasset,
412 2685 528 2745 Cereris
544 2687 655 2760 longus
670 2693 703 2744 ut
718 2692 803 2744 esset
816 2699 910 2744 amer.

188 2769 274 2841 Quod
290 2769 344 2827 tibi
361 2769 515 2830 secubitus
531 2771 658 2842 tristes„
673 2771 731 2828 dea
747 2769 845 2840 ssave,
869 2767 1012 2838 luissent,

229 2853 296 2912 Hae
315 2869 411 2927 cogor
426 2853 523 2913 saeris
541 2869 621 2912 nune
637 2867 694 2926 ege
710 2853 789 2912 serre
804 2853 873 2912 tuis.

77 2939 81 2948 '
143 2944 178 2996 45
190 2935 250 2996 Cur
265 2952 323 3011 ege
340 2938 397 2996 sim
413 2938 523 3010 tristis,
546 2953 614 2996 eum
629 2938 668 2999 sit
683 2937 737 2996 tibi
752 2944 822 2998 nata
837 2943 972 3011 reperta,

228 3021 412 3095 Regnaque,
436 3037 527 3096 quarn
542 3021 632 3092 luna,
660 3028 743 3080 sorte
757 3023 876 3080 minare
890 3027 995 3094 regat?

186 3103 278 3164 Festa
293 3105 359 3164 dies
374 3106 590 3178 Veneremque
608 3113 701 3164 voeat
717 3113 887 3179 cantusque
901 3117 1087 3178 merumque.

228 3188 311 3248 Haec
328 3189 416 3249 decet
431 3190 470 3248 ad
486 3189 628 3248 domines
644 3205 770 3247 munera
784 3191 863 3250 lerre
879 3189 965 3247 deos.

105 3317 154 3410 ῙῙ
188 3317 289 3414 Multa
304 3356 419 3430 diuque
434 3357 498 3415 tuli.
527 3357 607 3416 vitiis
625 3356 768 3430 patientia
784 3355 864 3414 vieta
878 3362 934 3412 eet.

231 3440 312 3498 Cede
327 3440 452 3515 latigato
467 3448 607 3515 pectore,
632 3439 727 3514 turpis
747 3449 841 3497 amer.
