2488 4006
171 249 277 308 xvnr.
294 248 396 326 [mn]
433 247 977 328 xu1111.1xx.]acouT111-58.
1021 217 1084 316 lae

149 401 314 475 Deceptam
329 397 416 458 dicas
431 406 578 460 nostrate
591 401 698 460 fraude
713 401 823 476 licebit,
877 417 878 420 ¹

191 485 268 544 Dum
283 482 401 542 fraudis
418 489 542 542 nostrae
557 499 652 542 causa
666 485 779 544 leretur
793 499 887 546 amor.

149 567 244 626 Fraus
259 581 329 627 mea
343 565 417 640 quid
431 567 530 641 petiit,
552 567 611 626 nisi
624 568 667 627 uti
682 567 734 627 tibi
750 568 892 643 iungeret
905 570 978 630 unit
1042 580 1044 584 ’

191 651 225 709 ld
240 665 304 725 me,
329 649 412 724 quod
427 650 579 725 quereris,
603 650 766 711 conciliare
780 659 892 728 potest.

106 744 140 796 25
152 734 219 796 Non
234 749 292 808 ego
308 739 429 808 natura,
452 749 509 794 nec
524 742 592 794 sum
606 742 666 796 tam
681 735 809 796 callidus
824 753 893 796 usu.

193 817 340 877 Solertem
356 823 387 876 tu
400 833 463 891 me,
487 817 595 891 erede,
617 815 732 894 puella,
754 818 840 880 lacis.

150 903 191 960 Te
206 901 278 960 mihi
294 899 486 976 compositis,
510 901 612 976 siquid
626 909 725 962 tamen
741 903 874 978 egimus,
898 921 916 963 a
930 919 978 962 me

191 984 361 1044 Adstrinxit
374 984 476 1044 verbis
493 985 671 1059 ingeniosus
685 987 792 1046 Amor.

149 1068 274 1126 Dictatis
290 1067 328 1126 ab
345 1083 382 1128 eo
397 1067 455 1126 ieci
473 1069 631 1141 sponsalia
645 1066 756 1142 verbis,

106 1159 142 1212 30
196 1151 403 1222 Consultoque
421 1150 463 1208 lul
479 1151 553 1210 iuris
568 1151 682 1210 Amore
697 1151 791 1208 valer.
1048 1205 1051 1214 ,

151 1233 195 1293 Sit
209 1234 291 1292 fraus
306 1232 376 1290 huic
390 1232 471 1292 lacto
487 1247 619 1306 nomen,
636 1233 782 1308 dicarque
798 1234 941 1295 dolosum
1013 1272 1015 1280 ·

193 1316 225 1376 Si
239 1323 339 1375 tamen
354 1321 414 1390 est,
436 1317 519 1390 quod
532 1317 616 1376 amos
631 1317 710 1375 velle
725 1324 844 1392 tenere,
868 1319 967 1378 dolus.

150 1401 194 1458 En
210 1400 316 1460 iterum
332 1399 433 1458 scribo
448 1400 595 1474 mittoque
609 1401 747 1474 rogantia
762 1401 867 1460 verba.

193 1485 297 1543 Altera
311 1483 394 1542 lraus
409 1482 485 1542 haec
503 1489 558 1543 est.
582 1484 726 1556 quodque
743 1485 895 1560 queraris,
917 1485 1026 1546 habes.

105 1575 140 1627 35
155 1567 187 1626 Si
203 1581 317 1640 noceo,
342 1566 425 1640 quod
439 1583 523 1641 amo,
546 1566 656 1639 lateor,
679 1566 745 1626 sine
759 1566 820 1626 line
834 1569 962 1646 nocebo,

192 1653 310 1725 Teque,
333 1649 395 1723 peti
411 1663 522 1711 caveas
537 1656 568 1708 tu
585 1649 653 1708 licet
667 1650 749 1724 ipsa,
774 1659 883 1725 petam.

150 1733 206 1791 Per
221 1732 340 1806 gladios
356 1733 406 1791 alii
420 1733 548 1807 placitas
563 1748 693 1806 rapuere
709 1735 843 1808 puellas:

193 1815 312 1891 Scripta
327 1816 400 1876 mihi
416 1823 504 1876 caute
521 1815 618 1875 littera
633 1813 745 1874 crimen
761 1817 838 1877 erite

149 1900 186 1961 Di
202 1899 327 1973 iaciant,
352 1900 470 1974 possim
485 1901 588 1974 plures
603 1901 751 1974 inponere
766 1899 875 1976 nodoS,

105 1991 143 2044 40
195 1984 234 2044 Ut
248 1991 299 2043 tua
315 1983 354 2044 sit
367 1985 449 2042 nulla
465 1977 560 2042 lib'era
575 1990 660 2057 parte
675 1983 763 2042 fides,

150 2067 231 2124 illille
247 2066 310 2125 doli
325 2074 456 2126 restant.⁴
473 2067 552 2126 cline
569 2067 714 2126 sudamus
729 2067 759 2124 in
774 2065 850 2125 imo:

193 2149 294 2208 Ardor
308 2149 498 2224 inexpertum
513 2151 554 2208 nil
572 2151 650 2209 sinet
663 2163 736 2209 esse
750 2165 846 2208 meus.
886 2151 889 2156 '

152 2232 196 2294 Sit
211 2232 349 2306 dubium,
372 2234 610 2312 possisneeapi.
634 2232 798 2308 captabere
813 2241 904 2294 certe.

192 2316 298 2375 Exitus
314 2315 344 2373 in
360 2316 407 2375 dis
425 2323 481 2375 est.
505 2317 561 2376 sed
576 2317 697 2390 capiere
713 2323 833 2375 tamen·

104 2408 141 2460 45
153 2399 192 2458 Ut
207 2406 324 2474 partem
339 2399 483 2474 effugias,
503 2415 564 2474 non
580 2399 772 2468 omnia-retia
787 2399 884 2472 salies,

193 2481 277 2554 Quae
291 2483 368 2555 tibi,
387 2499 476 2556 quam
492 2482 606 2556 media,
629 2483 717 2556 plura
733 2483 859 2542 tetendit
875 2487 978 2542 Amor.

152 2565 184 2624 Si
200 2581 261 2624 non
277 2566 436 2640 proficient
448 2573 546 2640 artes,
568 2565 726 2625 veniemus
742 2565 782 2623 ad
797 2581 889 2638 arma,

193 2649 288 2722 Inque
304 2649 347 2709 tui
362 2650 473 2724 cupido
488 2655 575 2724 rapta
590 2648 780 2708 sereresinu.

150 2733 217 2792 Non
233 2747 316 2807 sum,
341 2733 392 2808 qui
408 2735 523 2792 soleam
537 2733 655 2792 Paridis
670 2731 896 2806 reprehendere
911 2732 1032 2806 lactum,

103 2827 142 2878 50
194 2816 256 2874 Nec
272 2813 469 2892 quemquam,
493 2815 559 2890 qui,
581 2816 628 2874 vir
642 2821 750 2890 posset
766 2821 797 2874 ut
814 2829 899 2886 esse,
921 2815 984 2873 luit.

149 2899 213 2958 Nos
230 2915 387 2974 quoque...
403 2901 459 2959 sed
475 2907 570 2959 taceo.
607 2899 691 2958 Mors
705 2898 795 2958 huius
812 2913 912 2972 poena
926 2897 1056 2974 rapinae

192 2981 231 3042 Ut
247 2983 300 3054 sit,
323 2984 393 3056 erit,
417 2999 508 3059 quam
522 2989 629 3043 tenon
643 2981 804 3052 habuisse,
826 2981 933 3040 minor.
985 2987 989 2992 '
1050 3008 1054 3016 ,

150 3065 213 3124 Aut
227 3079 315 3144 esses
331 3067 467 3127 lonnosa
479 3065 590 3125 minus.
614 3070 752 3140 peterere
765 3065 915 3126 modeste.

193 3149 338 3210 Audaces
352 3149 430 3209 lacie
445 3149 582 3224 cogimur
596 3163 667 3208 esse
684 3156 745 3208 tua.
927 3194 930 3202 .

101 3241 140 3293 55
152 3231 196 3291 Tu
212 3233 289 3292 iacis
305 3233 364 3294 hoc
381 3235 522 3308 oculique
537 3235 593 3307 tui,
618 3233 728 3307 quibus
743 3233 834 3308 ignea
849 3231 961 3290 cedunt

194 3314 317 3391 Sidera,
336 3318 387 3392 qui
403 3317 544 3376 llammae
559 3333 655 3377 eausa
669 3316 753 3375 luere
767 3330 870 3373 meae:

150 3399 217 3474 Hoc
231 3401 345 3460 iaciunt
359 3400 431 3460 ilari
450 3401 551 3460 crines
566 3406 596 3459 et
611 3401 745 3460 eburnea
760 3399 874 3469 cervix,

194 3483 351 3560 Quaeque,
375 3499 503 3559 precor,
523 3485 645 3543 veniant
659 3485 689 3542 in
707 3497 775 3540 mea
790 3482 869 3540 colla
884 3496 1004 3552 manus,
1101 3543 1108 3548 ,
