2498 4008
523 246 551 319 1,
573 243 771 314 oie-754.
1098 251 1162 318 187

220 402 309 476 Quod
323 399 448 474 refugit,
470 401 581 460 multae
596 400 729 474 cupiunt.
754 401 849 461 odere
864 403 947 476 quod
961 402 1062 464 instat.

262 485 375 545 Lenius
390 483 531 544 instando
547 484 648 543 taedia
662 485 734 544 tolle
749 485 800 544 tui.
848 523 850 526 -

220 569 282 628 Nec
298 583 421 642 semper
436 567 556 627 veneris
572 583 646 642 spes
661 575 709 628 est
725 567 897 641 profitenda
910 570 1043 645 roganti:

156 659 209 713 lto
233 703 235 707 .
260 653 354 712 intret
367 651 515 711 amicitiae
530 652 652 715 nomine
667 658 764 712 tectus
779 667 874 712 amor.

220 736 286 797 Hoc
301 736 386 796 aditu
400 735 463 794 vidi
479 734 604 793 tetricae
619 733 691 792 data
704 733 799 793 verba
813 735 947 810 puellae:

263 818 319 892 Qui
334 819 432 879 iuerat
446 819 558 891 cultor,
582 819 679 877 iactus
695 825 811 878 amator
825 826 898 877 erat.

221 902 376 962 Candidus
391 902 422 962 in
437 908 528 962 nauta
535 901 639 976 turpis
654 902 748 961 color.
771 901 915 978 aequoris
930 903 1013 962 unda

262 985 359 1046 Debet
374 993 404 1044 et
418 1001 436 1044 a
450 985 544 1045 radiis
563 985 673 1044 sideris
690 999 760 1044 esse
775 985 876 1059 niger:

155 1075 206 1131 725
217 1069 325 1142 Turpis
341 1076 371 1132 et
385 1069 550 1142 agricolae,
573 1068 624 1142 qui
640 1082 763 1126 vomere
779 1083 901 1144 semper
914 1070 1034 1129 adunco

260 1151 297 1208 Et
310 1150 454 1224 gravibus
470 1150 576 1210 rastris
592 1150 649 1209 sub
665 1152 739 1209 love
756 1159 859 1210 versat
876 1151 1008 1211 humum.

124 1252 134 1262 ·
218 1233 255 1291 Et
269 1231 337 1304 tibi,
360 1231 513 1291 Palladiae
528 1233 639 1307 patitur
653 1233 702 1292 oui
717 1233 818 1308 palma
833 1249 975 1308 coronae,

261 1315 398 1376 Candida
412 1317 440 1375 si
454 1315 564 1374 luerint
578 1331 725 1390 corpora,
746 1316 843 1391 turpis
858 1317 928 1376 eris.

217 1397 331 1462 Palleat
347 1399 445 1459 omnis
460 1415 577 1479 amans.
597 1399 646 1460 hic
656 1406 709 1460 ,est
718 1399 809 1460 color
823 1407 913 1476 aptus
929 1400 1050 1460 amanti.

153 1489 205 1544 730
256 1483 323 1542 Hoc
338 1483 435 1542 decet.
457 1481 517 1542 hoc
532 1483 616 1543 multi
630 1498 692 1543 non
706 1483 841 1544 valuisse
856 1491 972 1560 putent.

217 1564 350 1624 Pallidus
366 1566 397 1624 iu
411 1567 507 1625 linces
523 1565 608 1626 silvis
623 1567 744 1627 errabat
758 1568 852 1640 arion,
986 1607 988 1614 ,
1113 1589 1157 1612 ⁶-

260 1647 393 1708 Pallidus
412 1649 440 1706 in
458 1650 539 1708 lenta
554 1650 645 1708 ualde
659 1650 797 1726 Daphnis
813 1659 887 1711 erat.
941 1692 947 1704 ,

217 1733 334 1806 Arguat
347 1738 378 1791 et
391 1730 504 1790 macies
520 1733 662 1792 animum.
685 1749 742 1792 uec
757 1741 844 1808 turpe
859 1735 975 1810 putaris

257 1815 416 1876 Palliolum
432 1814 533 1876 nitidis
549 1814 728 1890 inposuisse
744 1819 850 1877 comis.

151 1907 202 1963 735
214 1899 379 1959 Attenuant
393 1901 536 1959 iuvenum
550 1899 692 1973 vigilatae
707 1913 838 1975 corpora
853 1909 959 1960 noctes

260 1983 400 2057 Curaque
414 1990 444 2042 et
458 1998 475 2042 e
490 1997 599 2057 magno
616 1983 669 2056 qui
682 1983 717 2042 tit
731 1999 850 2056 amore,
874 1985 973 2044 dolor.

216 2065 255 2126 Ut
270 2074 342 2126 voto
359 2067 475 2142 potiare
489 2073 557 2140 tuo,
577 2066 758 2126 miserabilis
770 2075 847 2139 esto,
933 2125 936 2130 i

219 2212 223 2224 ..
257 2149 297 2209 Ut
311 2150 363 2224 qui
378 2157 407 2210 te
422 2150 539 2224 videat,
563 2150 665 2211 dicere
680 2150 779 2226 possit
794 2153 915 2212 ‘arnas-⁹

217 2234 409 2308 Conquerar,
433 2249 471 2292 an
487 2248 627 2292 moneam
641 2235 765 2294 mixtum
780 2235 827 2294 las
844 2249 933 2294 omne
949 2223 1119 2308 notasque?

153 2322 205 2379 llo
255 2317 372 2377 Nomen
387 2316 518 2376 amicitia
532 2325 592 2391 est,
615 2331 726 2378 nomen
741 2318 831 2377 inane
846 2308 954 2377 fides)

177 2429 181 2435 ·
215 2399 252 2458 Ei
266 2400 351 2473 milri,
375 2415 436 2460 non
451 2408 546 2461 tutum
560 2410 621 2474 est,
644 2403 728 2476 quod
742 2417 841 2475 ameS,
864 2402 990 2460 laudare
1005 2400 1119 2459 sodali!

258 2484 332 2544 Cum
349 2482 402 2543 tibi
416 2485 551 2545 laudanti
566 2485 709 2559 credidit,
733 2486 800 2561 ipse
816 2485 905 2545 subit.

214 2567 257 2642 At
270 2582 332 2626 non
348 2568 510 2628 Actorides
526 2570 636 2629 lectum
651 2569 810 2642 temeravit
822 2568 961 2627 Achillis.

258 2651 406 2725 Quantum
423 2652 463 2711 ad
476 2651 656 2726 Pirithoum,
679 2652 817 2712 Phaedra
833 2652 946 2728 pudica
961 2651 1024 2710 fuit.

120 2750 122 2754 ·
149 2741 200 2797 tto
211 2733 407 2794 Hermionam
421 2733 554 2812 Pylades
571 2751 632 2811 quo
648 2737 772 2797 Pallada
784 2734 942 2807 Phoebus,
966 2734 1095 2807 amabat,

257 2817 407 2893 Quodque
422 2817 473 2877 tibi
488 2819 641 2893 gemiane,
663 2820 812 2898 Tyndari,
837 2819 958 2892 Castor,
981 2824 1056 2878 erat.

213 2896 317 2977 Siquis
333 2902 413 2961 idem
429 2910 547 2978 sperat,
570 2905 701 2964 iacturas
717 2920 809 2980 poma
824 2905 956 2979 myricas

255 2984 378 3060 Speret,
399 2992 430 3045 et
444 3001 461 3046 e
475 2987 577 3051 madio
592 2985 717 3048 flumine
732 2988 821 3047 mella
836 2995 928 3062 petat.

212 3065 259 3126 Nil
273 3069 332 3128 nisi
347 3077 434 3146 turpe
448 3070 541 3130 iuvat.
551 3066 656 3132 'curae
671 3087 729 3132 sua
743 3072 854 3146 cuique
869 3073 1023 3146 voluptas.

148 3157 200 3213 750
252 3151 336 3212 Haec
351 3169 475 3229 quoque
491 3155 530 3214 ab
545 3155 669 3216 alterius
684 3161 770 3230 grata
784 3155 891 3216 dolore
906 3155 997 3214 venit.

211 3234 279 3295 Heu
294 3237 427 3297 lacinus!
451 3253 513 3297 nou
528 3247 576 3299 est
591 3238 689 3300 hostis
706 3240 885 3299 metuendus
900 3237 1021 3298 amanti.

254 3318 336 3392 Quos
352 3319 452 3385 credis
467 3321 563 3397 lidos,
585 3321 700 3398 effuge,
722 3330 803 3382 tutus
820 3322 890 3382 aris.
993 3367 997 3374 .

211 3400 377 3476 Cognatum
394 3404 579 3479 fratremque
594 3421 669 3465 cave
686 3420 853 3480 carumque
867 3407 1022 3466 sodalem:

251 3484 411 3548 Praebebit
424 3503 517 3550 veros
531 3489 608 3549 haec
623 3489 676 3548 tibi
691 3489 779 3548 turba
793 3495 901 3550 metus.
