2488 4006
147 265 240 327 xvrr.
250 264 382 343 [xviri]
390 223 529 324 sanun
549 263 658 325 xvtu
672 266 773 348 {xum
787 267 914 329 ussus
928 267 1039 332 1-43.
1063 271 1123 334 147

229 417 348 477 Fortius
363 415 517 491 ingenium
533 418 677 492 suspicor
690 434 763 480 esse
777 418 861 478 viris.

187 502 227 561 Ut
240 515 367 575 corpus,
391 500 504 560 teneris
520 501 562 560 ita
576 517 663 560 mens
678 503 798 562 infirma
812 503 930 578 puellis.
983 552 987 560 .

229 583 390 658 Delicium,
413 583 499 657 parvi
516 585 664 658 temporis
682 586 762 646 adde
779 602 904 646 moram.

187 669 255 728 Vos
272 667 364 727 modo
381 667 539 740 venando,
562 668 655 728 modo
672 685 724 728 rus
739 670 859 744 geniale
873 671 1004 732 colendo

147 762 180 814 10
232 750 346 810 Ponitis
361 749 392 808 in
406 750 491 809 varia
504 756 643 825 tempora
657 753 750 827 longa
765 769 859 814 mora.
913 769 915 776 ‘

179 834 249 899 ¹Aut
262 835 329 894 lora
343 849 400 893 vos
416 833 562 908 retinent,
583 843 637 896 aut
650 844 761 896 unctae
779 837 862 896 dona
876 840 1057 911 palaestrae,

228 917 362 977 Flectitis
376 925 427 978 aut
442 917 529 978 lreno
545 920 625 979 oolla
642 920 786 994 sequacis
801 921 887 996 equi:

187 1001 272 1061 Nunc
288 1003 443 1061 volucrem
457 1002 583 1076 laqueo,
606 1019 687 1064 nunc
702 1005 821 1078 piscem
836 1003 947 1064 ducitis
964 1004 1072 1067 hamo:

228 1085 358 1144 Diluitur
372 1084 473 1158 posito
489 1085 587 1144 serior
600 1085 677 1146 hora
690 1103 786 1146 mero.

145 1175 178 1228 15
188 1165 243 1226 His
257 1165 330 1225 mihi
344 1173 528 1240 summotae,
551 1167 600 1226 vel
615 1169 641 1228 si
658 1170 758 1229 minus
776 1169 886 1230 aeriter
899 1185 978 1242 urar,

228 1249 318 1323 Quod
333 1247 457 1322 inciam,
475 1257 619 1324 superest
632 1257 754 1325 praeter
769 1267 871 1312 amare
885 1252 969 1310 nihil.

187 1333 275 1407 Quod
290 1339 444 1408 superest,
467 1333 557 1394 facio.
580 1339 686 1409 teque,
708 1351 810 1396 omea
825 1335 893 1394 sola
909 1337 1062 1410 voluptas,

227 1415 299 1476 Plus
316 1431 454 1491 quoquc,
478 1433 570 1490 quam
583 1418 671 1477 reddi
688 1419 771 1493 quod
787 1419 858 1478 mihi
873 1417 986 1494 possit,
1009 1435 1088 1479 amo.

185 1499 248 1559 Aut
263 1515 322 1574 ego
338 1515 406 1559 cum
422 1515 493 1558 cara
508 1501 548 1559 de
561 1507 592 1559 te
607 1502 723 1562 nutrice
739 1517 876 1574 susurro,

143 1592 178 1642 20
231 1582 377 1656 Quaeque
391 1590 490 1655 tuum,
510 1584 617 1656 miror,
641 1600 735 1646 causa
750 1593 885 1646 moretur
900 1585 971 1645 iter:

182 1667 247 1724 'Aut
261 1681 344 1724 mare
358 1665 551 1744 prospiciens
567 1667 677 1728 odioso
693 1670 812 1729 concita
823 1676 915 1730 vento

229 1749 310 1808 Cerri
314 1747 364 1822 pio
380 1746 482 1807 verbis
498 1764 634 1824 aequora
647 1767 747 1826 paene
761 1752 836 1812 tuis=

185 1832 259 1904 Aut,
281 1831 333 1891 ubi
349 1831 497 1892 saevitiae
513 1835 643 1907 paulum
653 1835 755 1908 gravis
771 1836 854 1895 unda
868 1835 993 1908 remisit,

227 1914 325 1974 Posse
341 1911 476 1989 quidem,
500 1917 556 1975 sed
571 1922 601 1976 te
616 1920 697 1977 nolle
713 1919 832 1990 venire,
855 1935 975 1993 queror,

144 2008 178 2060 25
189 1999 330 2072 Dumque
348 2013 472 2074 queror,
497 2000 639 2060 lacrimae
654 2017 710 2076 per
721 2002 851 2061 amantia
863 2003 1117 2073 ltuninamauant‚

227 2081 342 2140 Pollice
357 2097 435 2156 quas
450 2084 577 2144 tremulo
593 2086 719 2144 conscia
734 2085 828 2146 siccat
842 2101 929 2145 anus.

187 2163 287 2240 Saepe
301 2166 358 2237 tui,
381 2172 504 2240 specto,
519 2167 553 2226 ¹si
569 2167 674 2227 sintin
689 2168 777 2228 litore
792 2185 916 2243 passus,

227 2248 390 2322 impositas
403 2255 558 2322 tamquam
575 2258 678 2310 servet
690 2251 805 2310 harena
819 2259 917 2312 notas.

184 2332 285 2405 thue
299 2347 403 2406 rogem
419 2331 458 2392 de
476 2341 520 2405 te,
543 2341 573 2393 et
589 2334 720 2394 scribam
736 2333 806 2408 tibi,
830 2335 927 2409 siquis
941 2333 1054 2412 Abydo

141 2422 178 2476 30
229 2415 369 2488 Venerit,
393 2421 459 2488 aut,
483 2432 613 2491 quaero,
635 2417 733 2492 siquis
747 2417 883 2494 Abydon
898 2427 956 2478 eat.

185 2497 264 2571 Quid
280 2498 425 2570 referam,
450 2499 591 2574 quotiens
608 2500 677 2560 dem
694 2499 833 2560 vestibus
851 2504 971 2576 oscula,
992 2515 1069 2577 quas
1085 2508 1119 2562 tu

226 2580 474 2657 Hellespontiaca
487 2584 578 2657 ponis
593 2584 688 2644 iturus
706 2591 810 2660 aqua?

186 2662 237 2723 Sic
252 2663 303 2724 ubi
320 2667 373 2726 lux
388 2673 455 2726 acta
469 2672 516 2726 est
530 2674 561 2727 et
574 2669 673 2728 noctis
688 2667 814 2728 amicior
827 2667 904 2727 hora

225 2746 370 2808 Exhibuit
384 2751 474 2825 pulso
489 2750 592 2810 sidera
608 2753 690 2812 clara
706 2752 764 2825 die,

141 2837 175 2891 35
186 2829 327 2892 Protinus
341 2832 372 2892 in
388 2849 504 2894 summo
519 2835 674 2910 vigilantia
689 2836 801 2895 lumina
815 2841 897 2894 tecto

224 2913 385 2990 Ponimus,
408 2913 556 2979 adsuetae
571 2921 658 2994 signa
671 2927 835 2993 notamque
849 2918 928 2977 viae.

184 2997 333 3073 Tortaque
348 3010 469 3061 versato
485 3001 633 3063 ducentes
648 3002 778 3062 stamina
792 3002 862 3062 luso

225 3080 367 3142 Feminea
380 3085 484 3144 tardas
501 3085 631 3146 lallimus
646 3093 710 3147 arte
725 3101 838 3146 moras

185 3163 260 3236 Quid
278 3165 388 3240 loquar
401 3168 515 3229 interea
531 3176 591 3230 tam
607 3171 698 3244 longo
712 3176 864 3245 tempore,
889 3166 1032 3244 quaerisr

139 3253 175 3308 40
220 3247 273 3307 llil
289 3248 347 3310 nisi
361 3250 493 3310 Leandri
506 3269 616 3312 nomen
632 3254 663 3314 in
679 3269 732 3314 ore
747 3268 816 3311 mco
833 3258 889 3312 est.

183 3329 298 3391 ‘iamne
314 3340 402 3409 putas
418 3336 522 3395 exisse
537 3337 628 3398 donto
643 3353 711 3396 mea
725 3336 850 3410 gaudia,
872 3333 981 3401 nutrix,

224 3416 273 3475 An
287 3414 412 3493 vigilant
429 3433 536 3479 omnes
552 3427 582 3479 et
595 3421 678 3480 timet
692 3420 742 3479 illc
756 3421 854 3478 suos?

182 3496 283 3560 iamne
298 3516 371 3563 suas
387 3504 497 3563 umeris
512 3502 595 3565 illum
610 3505 766 3578 deponere
782 3507 894 3572 vestes,
933 3580 948 3618 *

894 3593 926 3644 to
