2498 4008
151 230 216 336 aas
387 307 390 314 ·
516 267 656 328 aeris
678 267 817 328 annu.

238 423 343 483 Ponite
358 422 417 480 iam
433 419 553 494 gladios
567 420 704 480 hebetes.
725 423 877 504 pugnetur
890 415 1000 478 acutis.

173 517 225 571 590
278 505 340 565 Neo
357 504 476 577 dubito,
499 504 567 562 telis
584 504 656 578 quin
673 509 759 577 petar
773 504 842 577 ipse
855 500 944 560 meis.

237 588 412 650 Dumoodit
426 588 457 646 in
471 587 601 660 laqueos
616 593 725 660 eaptus
743 599 869 660 quoque
883 601 982 659 nuper
996 591 1129 663 amator²

281 673 388 732 Solum
402 687 437 730 se
450 670 602 730 thalamos
617 677 722 744 speret
734 668 849 730 habere
861 675 945 728 tuos.

236 756 403 817 Postmodo
419 753 545 812 rivalem
560 754 732 828 partitaque
747 752 873 813 loedere
888 751 959 810 leoti

212 897 215 902 .
281 839 406 900 Sentiat.
440 839 504 896 Has
520 845 600 898 artes
616 837 704 912 tolle,
725 835 860 896 senescit
875 850 969 895 amor.

172 933 225 987 595
237 924 311 984 Tum
326 923 406 982 bene
421 921 507 981 sortis
523 921 773 996 equusi’eserato
791 911 919 982 oaroerd
930 919 1030 993 currit,

281 1007 353 1066 Cum
370 1020 448 1079 quos
464 1010 648 1078 praetereat,
670 1018 812 1078 quosque
827 1008 987 1076 sequatur,
1010 1003 1112 1065 habet

239 1089 407 1164 Quamlibet
424 1084 574 1149 extinctos
589 1087 699 1148 iniuria
714 1085 842 1146 suscitat
854 1086 951 1163 ignes.

280 1171 342 1244 En,
364 1187 455 1246 ego...
473 1172 657 1232 confiteort..
680 1186 741 1231 non
757 1170 817 1229 nisi
831 1171 934 1228 laesus
951 1184 1030 1228 amo.

239 1257 338 1316 Causa
352 1262 452 1314 tamen
469 1253 592 1314 nimium
607 1267 669 1314 non
685 1255 724 1313 sit
739 1253 899 1312 manifesta
913 1253 1041 1328 doloris,

171 1348 226 1402 ooo
278 1338 429 1411 Pluraque
443 1337 607 1412 sollicitus,
629 1353 721 1412 quam
736 1337 828 1410 solet,
851 1351 922 1396 esse
936 1345 1031 1411 putet.

238 1422 344 1480 lnoitat
358 1427 388 1480 et
401 1421 464 1482 fieti
478 1422 572 1480 tristis
589 1420 729 1480 custodia
748 1421 839 1493 servi,

279 1505 317 1563 Et
334 1505 458 1564 nimium
472 1505 539 1562 duri
553 1507 629 1564 'eura
644 1504 776 1563 molesta
790 1503 857 1562 viri.

239 1589 321 1662 Quae
338 1587 423 1646 venit
439 1604 478 1645 ex
494 1595 571 1659 tuto,
594 1587 693 1650 minus
713 1594 760 1647 est
775 1592 902 1662 accepta
915 1587 1073 1662 voluptas:

279 1673 318 1732 Ut
332 1671 376 1730 sis
391 1670 515 1731 liberior
530 1671 660 1746 Thaide,
683 1671 765 1745 finge
779 1677 887 1730 metus.

171 1763 223 1817 505
237 1757 310 1815 Cum
325 1755 434 1816 melius
451 1755 567 1814 loribus
582 1756 704 1829 possis,
728 1754 851 1836 admitte
867 1755 1010 1829 fenestra,

168 1870 171 1874 ·
279 1840 375 1913 Inque
389 1845 441 1897 tuo
457 1838 543 1902 vultu
559 1839 647 1912 signa
661 1839 792 1898 timentis
806 1838 897 1898 habe.

238 1921 353 1982 Callida
369 1921 522 1995 prosiliat,
546 1921 689 1996 dicatque
704 1922 814 1980 aneilla
829 1921 1009 1996 ‘perimust'l
1074 1914 1080 1927 “

278 2007 320 2064 Tu
337 2003 479 2064 iuvenem
493 2005 645 2080 trepidum
661 1999 796 2080 quolibet
812 2003 893 2064 abde
909 2005 990 2065 loeo.
1083 1999 1085 2004 ’

236 2087 447 2147 Admiscenda
461 2095 562 2148 tamen
576 2104 675 2148 venus
693 2095 740 2156 est
755 2103 866 2150 seoura
881 2089 989 2162 timori,

142 2245 145 2250 ¹
171 2180 226 2234 610
277 2171 321 2230 Ne
335 2172 409 2230 tanti
425 2179 531 2232 noctes
546 2188 606 2231 non
624 2178 709 2247 putet
723 2187 795 2232 esse
809 2180 888 2232 tuas.

238 2255 303 2328 Qua
320 2256 404 2313 valm
422 2255 504 2315 eludi
521 2257 621 2330 possit
633 2256 751 2317 ratione
768 2256 902 2328 maritus,

279 2337 405 2411 Quaque
420 2339 493 2412 vigil
509 2346 629 2413 eustos,
650 2340 867 2414 praeteriturus
884 2353 978 2398 eram.

236 2422 337 2494 Nupta
353 2421 452 2480 virum
467 2423 579 2482 timeat.
601 2430 667 2482 rata
683 2424 721 2482 sit
736 2423 877 2482 eustodia
890 2429 1013 2497 nuptae.

276 2503 343 2562 Hoo
359 2503 459 2578 decet,
476 2505 542 2564 hoo
557 2507 641 2580 leges
657 2507 768 2582 iusque
783 2505 944 2581 pudorque
960 2504 1074 2566 iubent.

171 2595 225 2648 615
236 2588 277 2646 Te
293 2602 416 2659 quoque
432 2589 564 2663 servari,
584 2589 677 2651 modo
693 2606 786 2664 quam
800 2589 934 2649 vindicta
948 2589 1086 2662 redemit,

280 2669 352 2742 Quis
368 2670 466 2730 serare
497 2671 537 2732 Ut
552 2673 654 2747 fallas,
677 2673 717 2732 ad
732 2689 801 2732 mea
817 2673 1009 2734 sacraverit

235 2755 291 2813 'lot
304 2752 375 2812 lieet
390 2755 590 2830 observent‚..
613 2757 693 2816 adsit
706 2757 798 2827 modo
809 2765 898 2823 ¹oerta
912 2756 1092 2818 voluntas...

145 2849 149 2854 ·
278 2837 356 2909 Quot
370 2837 489 2899 luerent
503 2840 587 2914 Argo
603 2841 731 2914 lumina,
753 2839 849 2901 verba
863 2839 962 2900 dabis.
1044 2883 1048 2888 -

237 2917 357 2979 Seilioet
374 2920 506 2982 obstabit
521 2932 641 2998 eustos,
664 2939 703 2985 ne
719 2925 855 2985 seribere
870 2925 984 2999 possis,

170 3011 224 3066 620
277 3001 451 3062 Sumendae
467 3005 555 3064 detur
569 3022 637 3068 eum
651 3008 702 3066 tibi
719 3015 840 3082 tempus
856 3013 977 3082 aquaso

237 3081 367 3145 Conscia
382 3101 451 3146 eum
464 3090 565 3162 possit
582 3091 713 3165 scriptos
728 3099 851 3167 portare
866 3091 1004 3166 tabellas,

278 3169 359 3243 Quas
375 3177 456 3244 tegat
471 3172 621 3248 inlepido
637 3174 735 3234 sasoia
748 3176 810 3236 lata
825 3176 916 3236 siout

236 3252 309 3312 Cum
324 3253 424 3327 possit
440 3270 512 3314 sura
528 3257 649 3318 chartas
665 3261 765 3318 celare
778 3259 898 3334 ligatas,

276 3335 314 3392 Et
332 3337 432 3414 uincto
447 3336 577 3400 blandas
595 3341 652 3400 sub
668 3342 749 3415 pede
765 3341 844 3402 lorre
860 3349 971 3404 notas?

169 3421 223 3473 625
235 3413 355 3474 caverit
369 3417 448 3478 haee
461 3427 580 3496 eustos,
604 3438 660 3497 pro
677 3424 781 3485 charta
795 3426 923 3488 conscia
935 3433 1055 3500 tergum

260 3517 263 3524 ·
277 3495 436 3571 Praebeat,
460 3498 551 3578 inque
567 3521 623 3565 suo
639 3521 769 3582 corpore
784 3509 879 3578 verba
893 3511 980 3571 ierat.
