2472 4010
146 285 189 348 10
489 285 491 289 ’
554 284 757 354 AMORUM
783 329 786 336 -
876 273 880 288 “

232 437 372 511 Denique
387 436 414 497 si
428 436 534 496 tumidi
549 437 605 496 ritu
620 437 760 495 torrentis
777 435 904 509 agebar,

275 521 434 595 Caecaque
453 537 501 579 me
518 520 662 594 praedam
677 521 791 578 lecerat
805 521 849 582 ira
864 536 968 592 suam,

188 612 222 666 45
233 605 340 664 Nonne
355 605 429 664 satis
446 605 543 664 lucrat
558 604 680 662 timidae
694 604 878 662 inclamasse
892 604 1029 678 puellae,

273 689 335 748 Nec
354 688 479 748 nimium
492 687 607 760 rigidas
623 687 792 748 intonuisse
807 687 926 746 minas?

137 766 139 770 ’
230 774 293 831 Aut
307 773 439 831 tunicam
455 786 574 833 summa
589 771 742 829 deducere
756 771 884 844 turpiter
898 786 952 828 ora

272 855 323 914 Ad
338 855 490 914 mediam?
511 853 612 911 media
628 869 706 912 zona
720 854 839 912 tulisset
856 869 955 928 opem.
1009 913 1010 918 ,

230 941 271 997 Α1
285 954 366 996 nunc
382 936 528 1006 sustinui,
550 938 645 1010 raptis
663 953 681 996 a
695 939 793 996 fronte
810 937 944 1012 capillis,

188 1031 224 1103 5ο
276 1021 405 1080 Ferreus
421 1021 569 1096 ingenuas
585 1036 686 1095 ungue
701 1027 808 1080 notare
822 1036 928 1094 genas.

232 1106 358 1165 Adstitit
372 1105 422 1163 illa
436 1121 542 1164 amens
558 1104 627 1164 albo
643 1112 672 1163 ct
684 1105 750 1164 sine
766 1106 915 1178 sanguine
930 1105 1030 1177 vultu,

273 1188 445 1248 Caeduntur
459 1187 555 1246 Pariis
572 1187 674 1261 qualia
687 1205 764 1248 saxa
778 1188 867 1261 iugis.

231 1272 388 1331 Exanimis
403 1279 488 1332 artus
503 1279 532 1330 et
547 1271 682 1331 membra
696 1273 854 1331 trementia
869 1271 947 1344 vidi,

273 1356 313 1415 Ut
327 1371 395 1415 cum
411 1355 560 1430 populeas
577 1357 700 1415 ventilat
715 1371 789 1414 aura
803 1370 924 1414 comas:
965 1387 975 1404 ι

110 1439 112 1444 ’
189 1450 223 1502 55
234 1438 274 1499 Ut
287 1439 348 1498 leni
363 1439 501 1515 zephyro
517 1439 638 1512 gracilis
653 1439 789 1510 vibratur
805 1438 938 1511 arundo,

277 1522 440 1583 Summave
452 1538 521 1583 cum
535 1522 639 1597 tepido
655 1521 811 1596 stringitur
825 1523 907 1580 unda
922 1529 1005 1582 noto.

234 1605 475 1685 Suspensaeque
492 1606 542 1664 diu
562 1607 704 1665 lacrimae
719 1604 838 1665 fluxere
853 1621 908 1679 per
922 1621 991 1678 ora,

276 1690 410 1763 Qualiter
425 1695 543 1748 umecta
561 1691 600 1748 de
615 1691 684 1748 nive
700 1696 801 1748 manat
817 1705 905 1763 aqua.
1043 1697 1045 1705 ’

231 1773 314 1832 Τ555
329 1789 386 1847 ego
402 1789 451 1832 me
467 1773 594 1848 primum
611 1775 700 1847 coepi
715 1773 827 1832 sentire
845 1779 1013 1832 nocentem.

189 1861 224 1918 60
278 1856 409 1931 Sanguis
425 1862 489 1916 erat
504 1857 660 1929 lacrimae,
679 1873 755 1931 quas
772 1856 863 1915 dabat
877 1857 941 1928 illa,
964 1871 1059 1914 meus.
1138 1909 1145 1942 x
1233 1861 1234 1916 t

231 1941 289 1999 Ter
302 1947 401 1999 tamen
417 1947 487 1998 ante
503 1941 599 2014 pedes
617 1941 699 2000 volui
713 1939 916 2015 procumbere
932 1940 1078 2013 supplex:
1233 1961 1234 2002 t

273 2025 331 2083 Ter
346 2024 523 2082 formidatas
538 2025 672 2098 reppulit
686 2024 737 2083 illa
751 2041 872 2084 manuae
1144 2011 1166 2028 ⁴

231 2109 271 2166 At
284 2114 315 2165 tu
330 2123 368 2165 ne
384 2106 519 2166 dubital..
534 2109 649 2168 minuet
663 2109 798 2168 vindicta
813 2108 981 2167 dolorem...
1007 2178 1008 2181 Ἴ

271 2190 412 2252 Protinus
428 2193 458 2250 in
473 2192 575 2252 voltus
591 2191 743 2267 unguibus
758 2194 802 2250 ire
817 2206 913 2250 meos.

189 2275 297 2336 651155
312 2275 425 2337 nostris
443 2269 564 2348 oculis,'
578 2293 635 2336 nec
651 2276 763 2336 nostris
781 2289 873 2348 parce
889 2273 1023 2348 capillis:

275 2358 443 2431 Quamlibet
455 2358 591 2418 infirmas
607 2359 731 2418 adiuvet
745 2357 789 2417 ira
804 2373 921 2416 manus.

231 2441 315 2500 Neve
330 2443 388 2500 mei
404 2443 529 2502 sceleris
544 2450 603 2506 tam
619 2443 715 2502 tristia
730 2443 818 2516 signa
833 2441 1004 2515 supersint,

273 2524 356 2584 Pone
371 2527 592 2600 recompositas
608 2526 637 2584 in
658 2526 787 2585 statione
802 2540 917 2584 comas.

177 2657 205 2751 8
233 2655 294 2753 Est
310 2695 506 2768 quaedam...
523 2693 707 2768 quicumque
722 2693 804 2752 volet
819 2703 1008 2766 cognoscere
1024 2692 1141 2765 lenam,
1233 2703 1234 2710 ¹

274 2777 402 2837 Audiat!
434 2778 489 2836 Est
504 2777 667 2852 quaedam,
691 2775 956 2850 nomineDipsas‚
980 2791 1071 2836 anus=

232 2860 279 2918 Ex
293 2877 327 2918 re
347 2877 456 2920 nomen
471 2861 572 2920 habet.
602 2860 679 2934 nigri
694 2876 755 2918 non
769 2859 820 2918 illa
834 2865 990 2933 parentem

273 2943 445 3004 Memnonis
461 2945 490 3003 in
506 2943 605 3004 roseis
625 2943 730 3003 sobria
745 2943 819 3002 vidit
833 2943 931 3017 equis.

202 3027 285 3086 51115
301 3043 406 3101 magas
423 3035 503 3088 artes
518 3029 684 3100 Aeaeaque
701 3027 833 3086 carmina
848 3026 947 3099 novit,

273 3111 370 3184 inque
387 3119 478 3186 caput
491 3108 623 3184 liquidas
639 3118 702 3170 arte
717 3117 857 3170 recurvat
871 3125 978 3183 aquas.
1205 3161 1210 3173 .
1233 3183 1234 3186 Ἴ

234 3193 298 3252 Scit
312 3195 405 3265 bene,
428 3195 502 3267 quid
517 3209 657 3268 gramen,
682 3195 756 3268 quid
772 3201 852 3252 torto
868 3192 989 3254 concita
1004 3190 1134 3252 rhombo
1233 3189 1234 3266 Ϊ

273 3277 370 3347 Lisia,
394 3279 468 3352 quid
484 3279 583 3336 valeat
598 3279 681 3337 virus
698 3277 825 3336 amantis
841 3291 949 3350 equae.
1233 3267 1234 3336 l

232 3359 306 3420 Cum
320 3361 430 3434 voluit,
447 3369 509 3421 toto
525 3362 729 3434 glomerantur
744 3361 846 3420 nubila
862 3360 964 3419 caeloz

187 3451 223 3502 Ἰ10
278 3444 350 3503 0551
367 3444 474 3516 551511,
500 3460 577 3518 puro
594 3445 687 3516 fulget
700 3445 728 3501 in
746 3444 820 3503 orbe
836 3443 913 3502 dies.

236 3524 391 3600 Sanguine
432 3526 520 3601 siqua
537 3527 631 3598 fides,
650 3527 800 3584 stellantia
817 3526 920 3586 sidera
933 3526 1006 3585 vidi.
