2472 4010
571 295 773 356 AMORUM

282 450 370 523 Quod
385 449 457 509 mihi
473 449 530 508 das
546 448 646 508 furtim
655 470 669 520 ,·
686 449 750 507 iure
768 453 876 507 eoaela
890 448 989 510 dabis.

155 584 157 588 .
195 534 356 597 seuerum
373 533 468 592 invita
483 533 591 606 dato,..
608 539 698 606 potes
719 531 815 604 hoe‚..
838 531 1010 608 similisque
1028 545 1166 600 coactae:

280 617 451 676 Blanditiae
466 624 600 687 taceant,
621 617 722 690 sitque
737 613 870 689 maligna
886 632 993 678 venus.

238 700 271 761 Si
285 717 353 761 mea
367 707 440 760 vota
454 700 570 773 valent,
591 699 673 758 illum
689 715 815 774 quoque
830 715 869 758 ne
885 700 985 777 iuvet,
1010 711 1092 778 opto.

265 785 314 863 ‚si
329 785 445 857 minuS,
468 791 500 842 al
514 789 596 842 eerte
610 790 640 841 te
655 785 738 843 iuvet
751 783 823 842 inde
838 783 921 842 nihil.

241 867 304 928 Sed
321 881 532 942 quaecumque
547 873 647 926 tamen
663 875 783 927 noelenr
799 867 920 926 fortuna
935 879 1093 945 sequetur,

196 959 230 1014 70
284 951 358 1012 Cras
373 951 445 1010 rnihi
461 949 611 1013 constanti
631 966 711 1010 voce
726 950 852 1010 dedisse
867 967 954 1026 nega.

183 1085 208 1176 5
240 1083 359 1178 Aestus
375 1123 456 1187 erat,
478 1115 672 1190 mediamque
690 1115 757 1176 dies
774 1113 918 1192 exegerat
931 1117 1046 1179 horam:

279 1200 423 1275 Adposui
439 1199 540 1258 rnedio
556 1199 692 1259 membra
709 1201 843 1260 levanda
856 1208 934 1262 toro.
960 1223 964 1230 ·
1041 1227 1044 1230 ·

236 1285 311 1346 Pars
326 1285 473 1358 adaperta
489 1283 559 1356 luit,
582 1299 654 1358 pars
673 1284 769 1344 altera
784 1285 889 1344 clausa
905 1288 1071 1361 fenestrae,

280 1369 374 1442 Quale
390 1369 453 1426 lere
468 1367 565 1426 silvae
581 1369 682 1426 lumen
696 1367 811 1426 habere
827 1371 941 1429 solent:

207 1462 224 1512 5
237 1453 342 1526 Qualia
358 1451 519 1511 sublucent
531 1451 664 1525 fugiente
680 1453 862 1526 crepuscula
876 1453 1017 1527 Phoebo,

155 1556 158 1560 ·
279 1538 341 1596 Aut
355 1535 406 1594 ubi
422 1551 485 1593 nox
501 1535 589 1606 abiit,
612 1550 669 1593 nee
683 1541 783 1594 tannen
800 1543 865 1595 orta
881 1537 964 1596 dies·

238 1621 292 1678 Illa
307 1619 489 1678 verecundis
505 1620 557 1677 lux
572 1624 620 1677 est
633 1617 809 1692 praebenda
824 1620 948 1694 puellis,
975 1661 976 1665 ,

282 1703 347 1776 Qua
360 1703 483 1762 timidus
499 1702 631 1761 latebras
647 1709 750 1777 speret
764 1703 877 1762 habere
892 1705 1000 1778 pudor.

236 1787 317 1846 ane
333 1786 465 1845 Corinna
481 1784 578 1859 venit,
601 1787 704 1844 tunica
718 1789 818 1845 velata
833 1789 981 1858 recincta,

195 1881 229 1932 10
283 1870 420 1930 Candida
436 1869 562 1929 dividua
577 1870 657 1928 eolla
671 1877 791 1943 tegente
806 1885 909 1929 uonna:

237 1955 370 2028 Qualiter
385 1954 415 2012 in
429 1954 580 2012 thalamos
596 1955 715 2012 famosa
729 1952 905 2014 Semiramis
921 1957 984 2015 isse

277 2037 393 2098 Dicitur
407 2044 436 2096 el
450 2037 551 2098 mullis
567 2037 637 2096 Lais
653 2043 752 2096 emata
767 2039 852 2097 viris.

234 2122 360 2196 Deripui
374 2122 516 2181 tunicam.
546 2122 741 2180 nee²multum
757 2139 826 2180 rara
842 2122 985 2181 noeebat=

276 2205 434 2279 Pugnabat
448 2205 551 2266 tunica
566 2204 621 2264 sed
637 2212 737 2263 tamen
753 2205 804 2264 illa
823 2206 893 2278 tegi.

194 2298 227 2351 15
239 2289 322 2363 Quae
339 2305 406 2348 euin
420 2291 461 2348 ita
476 2294 640 2364 pugnaret,
662 2294 817 2360 tamquam
834 2305 913 2362 quae
927 2289 1050 2348 vindere
1066 2291 1174 2364 nollet
1217 2317 1218 2320 ¹

276 2372 366 2432 Victa
381 2380 428 2433 est
443 2389 504 2434 non
520 2387 611 2445 aegre
627 2371 800 2446 proditione
816 2388 882 2432 sua.

235 2455 275 2515 Ut
290 2457 370 2515 stetit
384 2464 453 2516 ante
469 2457 576 2516 oeulos
593 2456 694 2529 posito
711 2455 861 2514 velamine
876 2447 1014 2530 nostro‘s,

277 2540 389 2599 inloto
405 2557 554 2616 nusquam
570 2553 700 2612 corpore
715 2541 826 2599 ruenda
841 2541 905 2600 luit,

148 2685 156 2692 ,
188 2691 190 2704 ⁴
237 2624 319 2697 Quos
333 2641 473 2696 urneros,
496 2626 604 2699 quales
619 2622 683 2682 vidi
697 2623 843 2697 tetigique
859 2622 1005 2684 lacertos!
1048 2661 1061 2686 =.

192 2717 227 2770 20
278 2708 388 2768 Forma
403 2709 584 2782 papillarum
599 2723 691 2781 quarn
707 2707 763 2767 luit
778 2715 850 2782 apta
864 2709 975 2782 prerni!

237 2791 333 2864 Quarn
349 2793 496 2866 castigato
514 2793 623 2866 plenus
640 2789 697 2850 sub
715 2797 839 2865 pectore
854 2798 974 2850 venter!
1144 2867 1146 2870 Ι

278 2875 428 2948 Quantum
443 2883 472 2934 et
487 2876 576 2950 quale
590 2875 683 2934 latus!
703 2891 794 2950 quarn
810 2877 950 2935 iuvenale
966 2875 1077 2934 lemur!

236 2957 363 3032 Singula
380 2959 454 3034 quid
468 2963 620 3019 reseram?
647 2958 693 3016 Nil
708 2975 769 3018 non
786 2959 936 3018 laudabile
953 2958 1028 3032 vidi,

276 3042 314 3100 Et
329 3042 442 3102 nudam
458 3042 558 3118 pressi
574 3057 687 3115 eorpus
702 3043 742 3100 ad
757 3060 857 3117 usque
872 3059 981 3102 rneurn.

192 3134 226 3188 25
239 3126 364 3186 Caetera
380 3127 449 3202 quis
465 3127 583 3186 nescit?
606 3125 698 3186 Lassi
713 3128 920 3201 requievimus
940 3125 1040 3186 arnbo.

276 3209 460 3270 Proveniant
474 3209 565 3269 medii
581 3209 626 3286 sje
641 3209 713 3268 milri
730 3227 825 3286 saepe
841 3212 917 3270 dies.
1021 3214 1024 3220 ’

159 3341 208 3432 6
238 3341 367 3449 Ianitor,
391 3375 561 3446 indignum!
585 3375 662 3434 dura
676 3376 801 3448 religate
818 3383 941 3446 calena,
1217 3423 1218 3444 t

277 3458 437 3516 Difficilem
453 3463 535 3514 mota
551 3457 674 3514 cardine
689 3459 791 3530 pande
807 3460 913 3517 forem.
1217 3455 1218 3544 l

236 3539 323 3611 Quod
339 3553 464 3613 precor,
487 3540 631 3612 exiguum
646 3547 701 3601 est.
731 3541 814 3600 aditu
829 3542 878 3600 lae
892 3541 983 3600 ianua
999 3555 1097 3616 parvo
1217 3551 1218 3558 ¹
