2488 4006
139 251 201 334 144
438 221 440 225 ’
507 237 780 301 snrsrunnu.
861 325 863 328 Ι

225 402 336 462 Oscula
353 395 545 470 congerimus
562 395 724 466 properata
738 387 805 446 sine
819 382 926 468 ordine
940 380 1060 454 raptim,

265 477 302 544 Et
320 480 473 557 querimur
490 469 601 552 paruas
617 471 757 532 noctibus
772 483 844 527 esse
859 480 973 524 moras.

161 581 212 632 115
223 572 324 640 Atque
339 567 380 624 ita
394 568 566 628 cunctatus,
585 555 701 616 monitu
715 552 841 612 nutricis
857 561 960 607 amoro

266 647 388 722 Frigida
406 646 528 705 deserto
545 643 633 700 litora
648 646 730 698 turre
746 641 827 710 peto.

224 731 418 808 Digredimur
434 727 557 796 flentes,
581 729 751 797 repetoque
767 733 825 791 ego
840 713 966 788 virginis
982 728 1110 787 aequor,

251 813 449 894 *Respiciens
467 807 634 876 dominam,
654 805 729 864 duro
744 803 826 874 iicet,
844 812 945 871 usque
960 803 1069 854 meum.

228 899 323 973 Siqua
340 895 418 954 fidos
434 906 509 951 vero
526 896 588 962 est,
609 887 736 946 veniens
753 885 813 943 huc
827 895 899 940 esse
913 886 1048 952 natator,⁴

164 994 215 1046 120
268 981 341 1040 Curn
354 977 463 1046 redeo,
486 973 595 1033 videor
609 971 775 1043 naufragus
791 981 863 1024 esse
877 963 960 1022 mihi.

226 1068 292 1126 Hoc
311 1075 437 1137 quoque
451 1057 479 1118 si
495 1055 609 1127 credis,
630 1053 671 1112 ad
684 1059 714 1110 te
731 1053 779 1109 via
793 1063 890 1124 prona
903 1046 1032 1119 videtur,

270 1149 299 1206 A
315 1153 429 1204 tecum
445 1141 556 1212 redeo,
579 1139 676 1197 ciivus
692 1135 799 1212 ,inertis
814 1146 931 1206 aquae:

228 1230 342 1290 Invitus
356 1234 463 1300 repeto
478 1223 615 1297 patrium.
638 1219 706 1293 quis
722 1217 848 1276 credere
861 1212 981 1288 possit?

268 1313 386 1372 Invitus
401 1315 483 1368 certe
497 1321 579 1366 nunc
593 1319 696 1363 moror
709 1301 785 1361 urbe
800 1314 879 1358 meo.

166 1407 216 1461 125
226 1398 262 1458 Ei
276 1394 364 1466 mihi,
388 1407 442 1451 cur
456 1389 564 1449 animis
581 1387 673 1447 innoti
686 1384 874 1445 secernimur
888 1378 988 1452 undis

270 1481 401 1551 Unaque
415 1489 517 1545 mens,
540 1473 628 1531 telius
643 1486 704 1529 non
719 1467 812 1526 hehet
825 1481 886 1526 unu
899 1465 1000 1523 duos?

229 1563 288 1623 Vel
302 1568 354 1620 tua
368 1573 417 1616 me
432 1557 556 1628 Sestus,
578 1555 627 1612 vei
643 1560 674 1612 te
687 1568 757 1612 mea
767 1557 870 1610 sumat
881 1547 1029 1622 Abydosz

270 1646 342 1704 Tam
356 1649 410 1702 tua
424 1647 505 1700 terre
522 1638 609 1712 mihi,
630 1653 722 1711 quem
738 1635 792 1694 tibi
806 1639 912 1692 nostre
926 1631 1036 1704 piacet.

230 1728 289 1788 Cur
303 1741 361 1800 ego
378 1722 563 1794 confundor,
584 1721 726 1795 quotiens
741 1716 937 1777 contunditur
950 1719 1088 1786 aequor?

168 1821 218 1875 130
272 1811 330 1871 Cur
344 1808 416 1867 mihi
431 1823 526 1866 cause
539 1805 631 1877 levis,
654 1810 763 1864 ventus
779 1801 892 1860 obesse
906 1801 1029 1874 potest?

132 1949 135 1954 .
228 1895 291 1954 iam
307 1901 431 1953 nostros
447 1890 531 1949 curvi
547 1895 658 1948 norunt
673 1885 833 1960 delphines
848 1895 978 1952 amores,

202 1978 206 1991 ¹
272 1978 411 2052 Ignotum
427 1989 485 2033 nee
499 1988 547 2032 me
561 1972 698 2046 piscibus
714 1985 787 2028 esse
802 1983 884 2027 reor.¹
969 1994 972 2002 .

230 2061 293 2120 Iam
311 2057 526 2134 potetottritus
542 2056 698 2116 solitarum
713 2053 800 2111 limes
816 2063 971 2124 aquarum,

272 2145 338 2202 Non
355 2143 454 2213 aliter,
475 2141 569 2200 muita
584 2153 675 2213 quem
690 2137 741 2196 via
755 2151 865 2210 pressa
878 2138 954 2192 rote.
1039 2195 1041 2198 ,
1084 2203 1088 2208 ᾖ

168 2236 217 2289 135
230 2227 317 2301 Quod
332 2225 403 2284 mihi
420 2239 480 2283 non
497 2229 581 2283 esset
594 2221 654 2281 nisi
672 2221 801 2292 siciter,
823 2225 894 2277 ante
909 2211 1068 2289 querebar.

272 2310 314 2368 At
328 2325 408 2369 nune
423 2322 477 2382 per
492 2315 601 2366 ventos
619 2307 679 2364 hoe
693 2317 818 2378 quoque
833 2302 945 2360 deesse
960 2311 1081 2369 queror.

231 2393 386 2454 Fluctibus
400 2390 571 2450 immodicis
585 2387 819 2448 Athamantidos
835 2395 972 2459 aequore
988 2388 1107 2454 canent,

273 2477 397 2548 Vixque
412 2480 514 2532 mouet
526 2479 617 2547 portu
633 2477 696 2530 tuta
711 2471 814 2530 carino
829 2484 896 2528 suo.

232 2559 298 2618 Hoc
313 2575 413 2630 mare,
436 2573 504 2616 cum
519 2557 648 2631 primum
663 2555 703 2613 de
719 2554 837 2627 virgine
852 2550 975 2612 nomine
990 2565 1100 2615 merse
1145 2591 1153 2598 .

165 2651 220 2704 tio
274 2641 358 2715 Quae
374 2647 469 2711 tenet,
494 2646 712 2711 euronotum,
733 2639 793 2697 tale
808 2637 904 2696 tuisse
920 2641 1003 2708 puto.

232 2726 271 2785 Et
285 2725 360 2784 satis
376 2724 490 2783 omissa
506 2724 592 2783 locus
606 2723 656 2781 hio
673 2721 793 2780 iuicmis
808 2720 846 2780 ab
861 2720 947 2778 Helie
963 2724 1019 2791 est,

275 2809 377 2882 thue
391 2807 463 2865 mihi
478 2813 596 2880 parcat,
619 2806 742 2866 nomine
758 2805 870 2863 crimen
884 2801 985 2862 habet.

233 2889 359 2950 Invideo
375 2889 500 2962 Phrixo,
526 2905 616 2964 quem
634 2903 689 2964 per
703 2891 778 2947 freto
793 2888 890 2947 tristia
904 2893 999 2946 tutum

275 2975 377 3033 Aureo
391 2973 525 3046 lanigero
540 2973 653 3032 vellere
669 2973 752 3030 vexit
765 2971 842 3031 ovis.

150 3060 154 3076 ¹
170 3065 220 3117 115
231 3056 294 3116 Nec
309 3063 410 3115 tamen
427 3057 560 3114 officinm
574 3054 695 3131 pecoris
710 3055 840 3114 navisve
853 3053 986 3126 requiro,

275 3139 461 3208 Dummodo,
485 3155 564 3212 quas
579 3139 692 3198 findam
709 3155 853 3213 corpore,
877 3137 985 3196 dentur
999 3149 1110 3208 aquae.

233 3223 307 3281 Arte
323 3237 399 3296 egeo
414 3223 505 3280 nulio.
529 3223 582 3281 fiat
595 3223 687 3284 modo
704 3223 794 3296 copia
808 3221 922 3294 naudi·

171 3337 174 3358 ι
275 3305 358 3364 Idem
373 3304 542 3379 navigium,
562 3307 679 3379 navita,
702 3313 809 3365 vector
825 3321 888 3364 ero,

233 3387 296 3446 Nec
310 3403 424 3461 sequor
436 3396 487 3448 out
497 3389 636 3459 Helicen,
656 3395 721 3458 aut,
742 3405 802 3462 qua
813 3389 911 3464 Tyros
924 3387 1022 3460 utitur,
1038 3385 1169 3442 Arcton:

174 3478 223 3526 150
274 3469 398 3532 Publica
412 3487 473 3530 non
490 3478 574 3530 curat
588 3471 692 3530 sidero
705 3479 810 3531 noster
827 3487 922 3530 amor.
