2472 4010
452 263 494 336 11,
511 259 546 336 5,
563 259 778 334 50-o‚6a.
1085 263 1127 324 20
1219 265 1221 272 '

144 417 308 492 callepius
325 427 359 474 es
374 412 498 472 invidia.
529 430 591 472 non
608 421 638 474 tu
654 414 719 472 iera
733 413 814 473 bella
828 413 987 476 movebas.

229 499 376 560 Garrulus
392 504 422 556 et
436 497 576 574 placidae
591 497 678 572 pacis
694 504 812 558 amator
827 513 907 558 eras.

186 584 283 657 Ecce,
307 581 481 642 coturnices
491 576 575 640 inter
588 597 646 641 sua
661 583 779 656 proelia
794 583 916 656 vivunt,
961 597 964 600 ·

228 667 370 728 Forsitan
386 672 416 724 ct
429 665 503 725 liant
517 665 590 726 inde
605 667 782 740 frequenter
796 681 884 725 anus.

186 751 297 811 Plenus
311 762 383 809 eras
399 750 533 809 minimo.
562 749 709 824 nee‘prae
721 749 872 808 sermonis
889 765 992 810 amore

146 841 179 896 30
231 835 265 892 In
281 835 393 892 multos
410 840 534 906 poteras
551 849 606 894 ora
623 848 736 892 vacare
754 833 850 893 cibos.

70 939 75 954 =
187 919 255 979 Nux
270 924 336 975 erat
350 931 425 975 esca
441 917 496 975 tibi
511 931 687 991 causaeque
703 931 861 992 papavera
876 917 990 985 somni,

229 999 426 1072 Pellebatque
442 999 523 1058 sitim
540 1000 689 1076 simplicis
705 1017 795 1060 umor
810 1017 918 1074 aquae.

187 1085 271 1143 Vivit
285 1084 364 1143 edax
380 1084 495 1156 vultur,
518 1083 697 1158 ducensque
712 1099 768 1157 per
783 1087 854 1142 a'e'ra
870 1099 966 1160 gyros

228 1167 354 1238 Miluus,
378 1173 408 1225 et
424 1165 546 1240 pluviae
564 1167 707 1240 graculus
724 1174 833 1226 auctor
847 1182 960 1240 aquae:

144 1259 177 1313 le
189 1251 273 1309 Vivit
288 1258 318 1310 et
333 1250 492 1309 armiferae
507 1249 615 1309 cornix
629 1249 731 1308 invisa
746 1249 918 1322 Minervae,

227 1334 283 1392 Illa
301 1332 425 1407 quidem
445 1334 557 1393 saeclis
572 1333 626 1392 vix
640 1333 787 1393 moritura
802 1349 925 1393 novem.

189 1417 307 1478 Occidit
320 1417 371 1475 illc
385 1420 515 1492 loquax,
539 1418 692 1477 humanae
709 1419 795 1477 vocis
811 1419 930 1492 imago,

229 1502 395 1574 Psittacus,
417 1507 681 1562 extremumunus
697 1499 735 1558 ab
752 1500 957 1560 orbedatum.

203 1585 325 1660 Optima
341 1584 439 1658 prima
453 1585 517 1642 iere
532 1585 672 1644 manibus
688 1584 848 1657 rapiuntur
862 1587 973 1645 avaris.
1085 1617 1125 1630 -

145 1676 179 1730 40
232 1668 399 1742 Implentur
413 1668 548 1726 numeris
564 1667 717 1726 deteriora
733 1671 807 1727 suis.

186 1750 297 1811 Tristia
309 1749 498 1828 Phylacidae
513 1751 670 1810 Thersites
685 1752 793 1810 funera
811 1751 900 1810 vidit=

227 1837 354 1909 Iamque
370 1834 462 1909 cinis,
484 1834 564 1893 vivis
581 1835 739 1908 iratribus,
762 1835 876 1893 Hector
892 1842 965 1894 crat.

189 1918 266 1992 Quid
281 1919 413 1977 releram
427 1918 551 1978 timidae
567 1935 622 1993 pro
637 1925 667 1977 te
683 1919 734 1992 pia
750 1923 822 1976 vota
838 1918 972 1992 puellae,

229 2003 310 2062 Vota
327 2005 502 2076 procelloso
520 2017 574 2077 per
588 2018 673 2061 mare
687 2009 775 2075 rapta
790 2009 885 2062 noto?

149 2096 181 2149 45
194 2086 328 2162 Septima
343 2086 397 2145 lux
412 2086 533 2159 aderat,
554 2101 615 2144 non
629 2085 805 2144 exhibitura
820 2091 1016 2160 sequentem,

229 2170 268 2230 Et
282 2170 383 2231 stabat
398 2185 496 2229 vacuo
513 2170 572 2229 iam
592 2169 645 2228 tibi
661 2169 758 2228 Parca
773 2170 852 2228 cole.

188 2255 251 2314 Nec
266 2262 366 2313 amen
382 2253 494 2327 ignavo
512 2261 696 2328 stupuerunt
711 2252 805 2312 verba
819 2252 940 2326 palatos

232 2338 380 2398 Clamavit
393 2338 529 2396 moriens
544 2339 647 2412 lingua
661 2337 822 2407 ‘Corinna
845 2335 941 2398 vale!’

191 2422 274 2481 Colle
289 2421 346 2480 sub
362 2421 470 2498 Elysio
487 2422 574 2496 nigra
589 2437 697 2480 nemus
713 2420 783 2479 ilice
801 2419 938 2490 frondet,

146 2515 181 2567 50
233 2505 364 2578 Udaque
381 2511 532 2579 perpetuo
549 2505 685 2578 gramine
697 2510 778 2563 terra
794 2503 882 2560 viret.

190 2587 287 2662 Siqua
302 2589 381 2648 fides
399 2588 519 2662 dubiis,
541 2588 698 2647 volucrum
714 2588 802 2646 loeus
818 2586 868 2644 ille
891 2584 1008 2660 piarum

231 2671 362 2744 Dicitur,
386 2672 618 2745 obscenaeque
636 2668 834 2746 prohibentur
847 2685 932 2729 aves.

189 2754 254 2814 Illic
268 2756 391 2816 innocui
404 2757 464 2815 late
480 2763 648 2832 pascuntur
665 2755 782 2828 olores,

122 2837 140 2856 ”
230 2839 268 2897 Et
284 2838 378 2902 vivax
394 2841 544 2914 phoenix,
566 2841 658 2900 unica
672 2853 796 2912 semper
811 2835 888 2898 avis.

148 2922 334 2997 55Explicat
348 2923 418 2998 ipsa
436 2941 509 2984 sues
525 2926 590 2984 ales
607 2923 735 2984 Iunonia
745 2922 875 2996 pinnae,

233 3006 345 3066 Oscula
362 3008 414 3066 dat
430 3008 543 3084 cupido
559 3009 672 3068 blanda
690 3006 830 3067 columba
844 3004 929 3064 mari.

190 3089 340 3150 Psittacus
355 3092 413 3151 has
428 3093 506 3151 inter
522 3092 669 3154 nemorali
685 3092 760 3150 sede
774 3096 917 3164 receptus

234 3174 389 3235 Convertit
403 3177 547 3236 volucres
564 3175 594 3235 in
609 3171 667 3236 sua
681 3174 777 3234 verba
793 3175 872 3249 pias.

193 3256 273 3317 Ossa
286 3258 361 3334 tegit
375 3260 522 3332 tumulae,
547 3262 679 3321 tumulus
696 3275 752 3334 pro
769 3272 900 3332 corpore
916 3269 1063 3329 magnus,

149 3349 184 3403 60
238 3340 304 3413 Quo
321 3343 400 3418 lapis
418 3344 549 3418 exiguus
564 3362 621 3420 par
636 3343 694 3404 sihi
712 3357 832 3401 carmen
848 3340 941 3398 habet

192 3425 339 3500 ‘Colligor
356 3443 395 3486 ex
411 3426 480 3502 ipso
498 3428 639 3487 dominae
655 3427 809 3502 placuisse
825 3422 1000 3498 sepulchro.

237 3508 297 3569 Ora
312 3511 397 3571 luere
415 3511 488 3570 mihi
504 3512 573 3587 plns
588 3528 646 3570 ave
661 3512 752 3570 docta
767 3504 876 3582 loqui?

513 3616 724 3630 ..ι-...ῥ-
