2472 4010
431 203 487 277 ΙΙΙ,
503 199 537 277 7,
553 201 593 264 45
608 231 652 244 -··
664 201 701 274 8,
716 199 768 262 35.

183 356 267 414 Neve
286 371 362 415 snae
377 365 507 430 possent
526 356 668 414 intactam
688 355 767 414 scire
781 353 954 427 ministrae,

223 439 366 499 Dedecus
381 439 441 500 hoo
458 444 578 514 sumpta
593 437 797 497 dissimulavit
810 453 904 512 aqua.

124 571 153 664 8
183 573 226 666 ΕΙ
241 607 406 682 quisquam
420 605 569 680 ingenuas
586 607 759 666 etiamnunc
774 605 902 680 suscipit
920 612 1016 678 artes,

223 694 284 750 Aut
298 698 436 750 tenerum
453 690 680 750 dotes-carmen
698 689 812 749 habere
830 695 935 764 putati

181 776 339 850 Ingenium
357 775 512 849 quondam
528 775 626 834 luerat
641 774 808 848 pretiosius
824 789 908 833 auro.

222 861 262 918 At
277 873 358 916 nnnc
376 857 517 916 barbaria
532 866 580 918 cst
593 857 736 932 grandis,
757 857 872 918 habere
889 857 973 916 ninii.
1036 885 1040 891 ·

151 953 167 1004 5
182 943 255 1001 Cum
270 941 398 1016 pulchre
418 941 561 1002 dominae
574 942 670 1002 nostri
686 942 829 1016 placuere
845 941 953 1014 libelli,

223 1025 288 1098 Quo
305 1025 389 1083 licuit
404 1024 504 1095 libris,
529 1041 590 1084 non
604 1025 675 1084 licet
688 1025 732 1084 ire
749 1025 830 1083 mihi.

180 1108 251 1168 Cum
271 1108 351 1167 bene
366 1107 516 1181 laudavit,
539 1109 662 1166 landate
682 1109 773 1166 ianua
789 1109 895 1166 clausa
911 1113 973 1166 estc

220 1191 361 1266 Turpiter
377 1190 437 1250 huc
448 1191 526 1250 illuc
541 1191 720 1266 ingeniosus
735 1205 783 1249 eo.

178 1276 273 1348 Ecce,
294 1289 404 1334 recens
420 1273 508 1334 dives
524 1283 610 1350 parto
630 1289 684 1349 per
702 1274 830 1332 vulnera
845 1289 939 1332 censu

138 1370 188 1422 10·
225 1359 397 1418 Praefertur
412 1359 502 1418 nobis
518 1359 789 1433 sanguincpastus
806 1373 912 1431 eques,

179 1446 267 1502 Hunc
284 1450 373 1518 potes
390 1443 532 1518 amplecti
548 1439 731 1514 formonsis,
753 1440 830 1514 vita,
852 1441 996 1501 lacertis?

221 1527 318 1586 Huius
333 1527 364 1585 in
380 1529 540 1602 amplexu,
562 1529 640 1600 vita,
663 1527 764 1586 iacere
781 1533 890 1601 potest

180 1610 211 1670 Si
228 1611 350 1682 nesciS,
373 1616 465 1685 caput
479 1611 538 1669 hoc
552 1612 671 1684 galeam
686 1605 810 1685 portare
825 1608 960 1669 solebat:

55 1758 67 1770 η
220 1695 302 1753 Ense
317 1695 397 1752 latus
413 1695 563 1764 cinctum,
587 1694 671 1768 quod
690 1692 743 1752 tibi
759 1695 868 1762 servit,
892 1700 966 1752 erat.

68 1767 73 1778 ⁵
137 1790 170 1841 15
181 1779 284 1837 Laeva
297 1793 422 1850 manuS,
446 1778 494 1837 cui
510 1793 589 1835 nunc
606 1792 708 1836 serum
726 1779 805 1835 male
822 1777 965 1836 convenit
980 1793 1096 1848 aurum,

221 1860 314 1921 Scuta
328 1861 403 1920 tulit.
435 1862 572 1921 dextram
587 1868 693 1935 tange,
715 1869 839 1918 cruenta
855 1861 920 1919 luit.

180 1945 244 2019 Qua
261 1945 350 2020 periit
365 1943 493 2018 aliquis,
519 1953 607 2018 potes
622 1945 701 2003 hanc
717 1947 895 2017 contingere
912 1945 1072 2004 dextram?

219 2029 300 2099 Heu,
324 2029 376 2088 ubi
392 2029 534 2088 mollities
553 2029 688 2104 pectoris
706 2029 756 2087 illa
773 2029 839 2088 tuit

179 2113 274 2173 Cerne
287 2113 461 2182 cicatrices
484 2113 596 2172 veteris
612 2113 740 2185 vestigia
754 2127 885 2186 pugnae.

133 2206 170 2258 20
225 2196 401 2269 Quaesitum
416 2204 463 2256 est
478 2197 519 2254 illi
536 2211 681 2270 corpore,
705 2195 852 2271 quicquid
865 2194 965 2254 habet.

177 2281 316 2339 Forsitan
330 2286 374 2352 et,
399 2281 542 2352 quotiens
560 2280 713 2340 hominem
734 2279 930 2353 iugulaverit,
953 2279 1003 2348 ille

219 2363 343 2422 indicet.
377 2363 435 2421 hoc
452 2367 552 2423 lassas
570 2365 686 2438 tangiS,
710 2379 817 2436 avara,
841 2379 964 2434 mannS,

175 2448 230 2506 llle
244 2463 301 2520 ego
316 2446 473 2506 Musarum
489 2463 584 2522 purus
599 2446 778 2522 Phoebique
791 2447 939 2506 sacerdos

218 2531 269 2589 Ad
284 2527 398 2605 rigidas
416 2537 505 2592 canto
523 2546 645 2590 cannen
663 2532 754 2608 inane
772 2531 877 2590 forest

132 2623 167 2674 25
179 2612 308 2688 Discite,
330 2615 382 2690 qui
398 2615 520 2688 sapitis,
546 2631 607 2675 non
625 2631 704 2688 quae
720 2631 777 2674 nos
795 2615 910 2674 scimus
925 2615 1047 2688 inertes,

151 2726 153 2734 ν
218 2696 281 2757 Sed
298 2699 435 2773 trepidas
450 2699 533 2758 acies
552 2706 581 2757 et
597 2699 662 2758 iera
678 2705 778 2758 castra
794 2699 898 2772 sequi:

174 2781 294 2854 Proque
311 2782 393 2841 bono
414 2797 504 2842 versu
522 2783 651 2857 primum
666 2783 808 2842 deducite
826 2783 929 2856 pilum.

217 2864 283 2922 Hoc
299 2865 370 2937 tibi,
393 2865 550 2937 sivclles,
575 2865 691 2941 possit,
714 2865 861 2939 H‘omere,
884 2865 958 2924 dari.

175 2947 310 3023 luppiter
326 2949 499 3008 admonitus
518 2949 592 3008 nihil
609 2965 680 3010 esse
699 2950 851 3030 potentius
867 2965 957 3020 auro,

133 3039 168 3092 30
222 3031 387 3106 Corruptae
403 3034 531 3107 pretium
552 3033 761 3107 virginisipse
777 3033 840 3092 luit.
940 3041 943 3048 '

173 3114 250 3174 Dum
266 3131 384 3175 merces
400 3115 521 3188 aberat,
542 3115 637 3176 durus
655 3124 756 3190 pater,
777 3117 846 3190 ipsa
863 3133 988 3188 severa,
1054 3147 1057 3156 ,

215 3201 318 3258 Aerati
337 3207 460 3274 postes,
484 3201 584 3261 terrea
599 3201 689 3260 turris
706 3209 779 3260 crat.

174 3281 237 3340 Sed
252 3289 416 3358 postquam
430 3285 602 3358 sapiensin
618 3286 743 3342 munera
759 3283 843 3342 venit
861 3283 994 3354 adulter,

215 3364 356 3428 Praebuit
370 3368 440 3445 ipsa
455 3367 541 3426 sinus
551 3375 586 3426 et
602 3368 676 3426 dare
691 3367 777 3424 iussa
791 3365 883 3425 dedit.

128 3455 163 3508 35
176 3451 217 3507 At
232 3465 300 3508 cum
315 3467 412 3524 regnu
428 3467 526 3510 senex
542 3451 617 3510 caeli
634 3449 784 3508 Saturnus
798 3447 945 3517 haberet,
