2498 4008
534 165 595 230 145
609 201 646 211 -
657 165 742 230 22οψ

154 349 159 354 -
208 307 296 382 Parte
311 326 422 380 sonant
434 318 496 378 elio
510 318 605 378 silvae
620 318 782 393 mugitibus
797 318 885 392 eltae,

249 405 288 464 Et
302 403 437 477 queritur
451 402 577 461 vitulum
591 408 687 462 meter
702 401 813 462 abesse
828 418 926 462 suum.

147 497 196 552 185
210 488 303 562 Quid,
326 502 395 546 cum
410 485 598 560 compositos
614 483 733 558 fugiunt
746 485 886 546 examina
900 486 1011 559 sumus,

249 571 290 631 Ut
303 571 439 628 relevent
452 568 566 642 dempti
580 568 694 627 vimine
710 569 899 628 convolavit
966 632 968 637 .

207 655 303 714 Poma
317 652 370 710 dot
383 658 556 712 autumnus
579 651 736 711 lormonse
750 658 797 711 est
810 651 964 714 messibus
980 659 1098 714 aestnse

218 750 220 756 ·
249 738 314 795 Ver
326 735 453 810 praebet
466 733 571 794 ilores.
593 734 662 809 igne
680 736 797 794 levetur
810 735 940 811 hiemps.

207 817 408 894 Temporibus
423 819 514 878 certis
528 827 676 880 maturam
690 817 824 878 rusticus
839 834 932 880 uvam

145 912 197 966 190
251 902 374 976 Deligit‚
397 909 427 960 et
440 902 523 962 nudo
540 900 597 962 sub
612 902 693 984 pede
708 909 806 961 musta
820 900 927 966 iluunt.

125 991 127 996 '
207 985 408 1061 Temporibus
424 985 515 1045 certis
530 985 673 1044 desectas
688 985 790 1059 alliget
803 985 925 1059 herbas,

249 1070 287 1130 Et
300 1077 421 1128 tonsam
436 1084 507 1128 rero
524 1069 644 1142 pectine
659 1068 751 1128 verrit
764 1068 898 1128 humum.

208 1153 280 1226 lpse
293 1159 383 1225 potes
398 1150 494 1224 riguis
509 1154 643 1226 plantem
657 1151 814 1224 deponere
828 1151 859 1210 in
873 1152 977 1226 hortis,

83 1304 88 1312 ι
250 1234 323 1308 lpse
338 1239 426 1307 potes
441 1234 527 1294 rivos
543 1233 656 1292 ducere
670 1233 749 1292 lenis
763 1249 873 1307 equae.

147 1325 195 1379 195
206 1317 332 1376 Venerit
346 1315 463 1390 insit-io,
486 1316 534 1375 lec
548 1331 665 1376 remum
680 1331 782 1376 remus
798 1316 931 1392 adoptet,

251 1400 378 1474 Stetque
393 1399 562 1475 peregrinis
578 1398 670 1459 arbor
686 1406 792 1473 operte
808 1400 915 1460 comis.

208 1484 281 1543 Cum
297 1483 391 1542 semel
406 1483 483 1542 haec
498 1484 630 1544 animum
645 1483 748 1560 eoepit
761 1483 893 1542 mulcere
909 1486 1059 1562 voluptas

249 1566 407 1626 Debilibus
423 1566 524 1640 pinnis
539 1565 647 1626 inritus
663 1565 725 1625 exit
737 1568 842 1626 Amor.

18 1687 23 1702 ‚
207 1651 266 1709 Vel
280 1657 313 1708 tu
327 1649 459 1708 venandi
474 1648 609 1708 studium
622 1650 700 1708 cole.
723 1663 818 1724 saepe
834 1651 963 1712 recessit

18 1793 19 1804 ,
128 1742 196 1807 ,900
248 1732 386 1806 Turpiter
400 1747 418 1790 a
432 1730 548 1792 Phoebi
563 1731 644 1790 victo
657 1747 765 1792 sorore
778 1733 895 1794 Venus.

207 1817 294 1876 Nunc
307 1816 444 1890 leporem
458 1830 589 1889 pronum
603 1815 704 1875 catulo
721 1822 838 1875 sectere
853 1819 966 1890 segeni,

250 1899 335 1958 Nunc
351 1907 403 1959 tua
417 1898 574 1959 frondosis
587 1898 664 1958 relic
677 1898 769 1957 tende
783 1898 871 1972 iugis,

208 1983 269 2044 Aut
285 1983 415 2057 pavidos
432 1988 513 2042 terre
526 1983 613 2042 varie
628 1980 790 2041 formidine
804 1990 923 2056 cervos,

161 2091 163 2096 ¹
215 2079 218 2083 ’
249 2069 311 2125 Aut
326 2066 415 2125 cedet
430 2065 563 2126 adversa
578 2065 708 2140 cuspide
723 2065 827 2126 iussus
842 2066 1045 2146 appr-AL

143 2159 194 2212 205
205 2150 299 2209 Nocte
316 2149 471 2223 fatigatum
487 2165 627 2220 somnus,
651 2164 712 2208 non
727 2164 800 2208 cura
815 2133 943 2224 puellae,

249 2233 371 2307 Excipit
384 2242 415 2294 et
429 2233 534 2308 pingui
550 2231 685 2292 membre
701 2232 801 2306 quiete
815 2234 905 2292 levat.

207 2317 319 2376 Lenius
335 2322 382 2376 est
397 2317 544 2388 studium,
568 2316 701 2378 studium
714 2323 831 2390 tomen,
853 2319 922 2376 alite
937 2326 1027 2394 capte

249 2402 310 2460 Aut
323 2401 386 2461 lino
400 2407 452 2461 aut
466 2400 591 2460 calamis
606 2400 742 2475 proemia
756 2415 854 2474 parva
867 2402 964 2474 sequi,

206 2484 281 2555 Vel,
304 2499 384 2558 quae
399 2485 494 2559 piscis
509 2484 590 2543 edox
603 2485 693 2544 avido
709 2485 787 2542 male
802 2484 929 2544 devoret
944 2498 1006 2558 ore,

144 2575 197 2628 210
249 2567 372 2627 Abdere
388 2567 541 2642 supremis
555 2582 628 2626 aere
644 2581 775 2627 recurva
791 2566 878 2626 cibis,

206 2649 269 2710 Aut
281 2650 330 2710 his
345 2659 398 2712 out
411 2652 494 2724 eliis,
518 2645 618 2712 donec
633 2649 768 2710 dediscis
785 2667 896 2722 amare,

248 2734 321 2808 Ipse
335 2734 388 2794 tibi
405 2736 505 2795 furtim
521 2734 720 2810 decipiendus
736 2733 807 2794 eris.

206 2816 251 2877 Tu
265 2823 380 2877 tantum
395 2819 535 2893 quemvis
551 2819 646 2878 firmis
664 2817 833 2878 retinebere
848 2817 967 2894 vinclis,

248 2901 400 2978 lproeul,
423 2909 453 2961 et
469 2903 577 2977 longas
594 2917 720 2977 carpere
734 2917 829 2976 perge
844 2901 921 2961 vias.

143 2991 193 3045 215
206 2983 322 3058 Flebis,
345 2993 376 3046 et
390 2994 531 3047 occurret
544 2986 686 3046 desertae
703 3001 814 3044 nomen
829 2984 953 3057 anione,

249 3067 347 3129 Stabit
364 3076 393 3130 et
406 3070 438 3130 in
451 3070 553 3130 medie
566 3084 623 3144 pes
638 3068 692 3128 tibi
707 3084 802 3144 saepe
818 3070 876 3127 vie.

208 3149 270 3210 Sed
286 3152 514 3227 quantominus
530 3153 574 3212 ire
589 3153 693 3226 voles,
716 3154 813 3228 magis
829 3153 873 3212 ire
888 3157 1055 3212 memento.

246 3234 365 3307 Perfer,
386 3237 541 3298 etinvitos
557 3251 678 3295 currere
693 3251 770 3309 coge
785 3235 892 3310 pedes.

205 3317 266 3377 Nec
283 3319 402 3393 pluvios
418 3326 504 3394 opta,
529 3335 585 3378 nee
599 3326 630 3378 te
644 3319 805 3394 peregrine
821 3325 977 3380 morentur

140 3409 191 3462 220
244 3401 393 3478 Sabbata,
415 3419 473 3464 nec
488 3402 606 3464 demnis
621 3403 691 3474 Alia,
706 3407 780 3462 notu
794 3401 869 3462 suis.
