2498 4008
481 244 523 318 II,
542 241 739 307 584-659.
1058 247 1121 310 205

225 396 352 471 Tegula,
375 394 433 456 scd
448 411 580 471 quercus
593 401 674 480 tecta
688 394 849 469 cibumque
865 395 966 472 dabat,

181 481 215 540 ln
231 495 356 540 nemore
371 486 463 553 atque
474 480 582 553 antris,
599 494 660 538 non
672 477 730 538 sub
741 479 829 551 love,
846 479 948 540 iuncta
959 480 1104 556 voluptas

222 563 316 623 Tanta
330 562 399 622 rudi
413 563 528 637 populo
546 578 618 622 cura
635 561 762 637 pudoris
779 568 852 620 6161.

115 655 168 709 616
180 648 221 706 Α1
235 662 316 707 nuno
331 646 487 706 nocturnis
502 646 605 706 titulos
621 644 795 721 inponimus
811 645 896 720 66116,

221 730 323 804 Atque
339 730 446 788 emitur
459 745 570 804 magno
586 727 643 804 nil,
667 728 726 787 nisi
740 742 836 802 posse
851 728 950 803 loqui!

181 812 303 872 Scilicet
318 813 453 872 excuties
471 813 569 872 omnis
583 812 768 886 ubicumque
782 812 910 885 puellas,

222 894 349 956 Cuilibet
365 902 398 954 ut
414 895 498 954 dicas
515 895 603 954 ‘haec
621 910 744 969 quoque
759 901 864 954 nostra
878 894 965 954 lnit'l
1026 931 1028 938 ι

178 977 223 1037 Ν6
238 979 353 1052 desint,
378 994 455 1053 quas
470 985 503 1037 tu
518 979 619 1052 digitis
636 977 799 1038 ostendere
813 979 927 1052 possis,

114 1068 166 1122 666
218 1062 258 1121 Ut
274 1077 427 1136 quamque
443 1061 602 1136 adtigeris,
626 1062 727 1121 labala
742 1062 839 1134 turpis
856 1061 931 1118 61111

109 1181 112 1188 -
176 1144 272 1202 Parva
289 1159 410 1217 queror.
430 1143 548 1217 fingunt
563 1145 701 1219 quidam,
726 1157 803 1216 quae
817 1159 892 1202 vera
906 1149 1062 1217 negarent,

219 1227 257 1284 Et
270 1225 342 1285 nulli
357 1241 417 1283 non
434 1241 468 1284 se
483 1224 687 1296 concubuisse
703 1225 811 1283 lerunt.
1093 1239 1096 1245 ·

178 1309 315 1382 Corpora
335 1308 362 1368 si
383 1315 551 1384 nequeunt,
576 1323 655 1382 quae
671 1313 815 1380 possunt,
839 1307 962 1366 nomina
976 1314 1113 1386 tractent,

217 1391 375 1465 Famaque
391 1400 451 1450 non
469 1398 546 1450 tacto
563 1406 693 1465 corpore
708 1389 821 1449 crimen
835 1389 936 1449 habet.

111 1475 298 1547 6361116116,
321 1475 430 1534 claude
447 1475 546 1548 sores,
569 1483 673 1534 custos
691 1473 799 1532 odiose
814 1474 942 1550 puellae,

217 1558 254 1616 Et
270 1564 390 1616 centum
405 1558 490 1616 duris
506 1558 646 1632 postibus
663 1557 743 1616 obde
759 1564 860 1616 seras!

176 1640 253 1714 Quid
267 1641 322 1699 tuti
337 1645 492 1713 superest,
515 1656 583 1699 cum
598 1641 728 1699 nominis
745 1647 827 1700 extat
841 1640 968 1715 adulter,

215 1723 253 1782 Et
268 1723 352 1781 credi
368 1722 451 1796 quod
467 1737 527 1781 non
545 1723 669 1796 contigit
686 1739 772 1796 esse,
794 1724 898 1797 cupita

173 1806 237 1865 Nos
253 1804 343 1864 etiam
359 1821 449 1865 veros
466 1819 559 1879 parce
574 1806 752 1880 profitemur
765 1821 895 1879 6616166,

108 1898 161 1953 640
213 1888 366 1962 Tectaque
384 1895 453 1947 sunt
468 1889 567 1947 solida
581 1889 712 1965 mystica
725 1888 804 1946 turta
820 1888 890 1947 lide.

173 1971 289 2031 Parcite
304 1971 469 2046 praecipue
486 1970 557 2032 vitia
572 1970 759 2046 exprobrare
776 1970 893 2045 puellis,

215 2054 295 2114 Utile
311 2069 390 2128 quae
403 2055 503 2114 multis
519 2054 730 2114 dissimulasse
745 2053 807 2112 luit.
845 2059 852 2070 ⁴

80 2159 82 2165 ’
172 2138 235 2196 Ν66
249 2153 324 2209 suus
339 2138 554 2197 Andromedae
570 2138 654 2198 color
671 2144 718 2196 est
733 2137 870 2196 obiectus
887 2135 925 2195 ab
943 2137 1003 2211 illo,
1116 2187 1119 2194 ,

214 2220 336 2279 Mobilis
352 2221 383 2278 in
399 2222 519 2294 gemino
535 2221 582 2280 cui
599 2221 677 2295 pede
692 2221 786 2296 pinna
800 2220 863 2279 luit.

61 2307 68 2312 '
107 2312 159 2367 646
172 2302 316 2363 Omnibus
331 2303 547 2362 Andromache
563 2304 630 2362 visa
644 2310 692 2363 est
709 2303 873 2376 spatiosior
887 2317 1003 2376 aequo:

214 2387 315 2460 UnuS,
340 2387 392 2460 qui
407 2387 558 2445 modicam
574 2386 702 2458 diceret,
724 2387 835 2445 Hector
849 2393 921 2444 erat.

172 2469 262 2543 Quod
276 2471 353 2528 male
368 2463 444 2540 ler‘s,
469 2469 635 2541 adsuesce,
656 2472 736 2528 16166
751 2468 839 2528 bene.
862 2467 955 2527 multa
970 2473 1108 2529 vetustas

212 2554 309 2611 Lenit.
332 2559 362 2612 at
378 2551 528 2625 incipiens
544 2553 645 2611 omnia
660 2552 751 2612 sentit
764 2566 858 2610 amor.

13 2698 19 2710 ,
170 2637 249 2697 Dum
264 2651 364 2694 novus
380 2635 411 2692 in
424 2635 514 2694 viridi
533 2637 678 2694 coalescit
695 2635 807 2694 cortice
820 2649 933 2706 ramae,

105 2727 158 2783 666
212 2717 369 2778 Concutiat
385 2726 521 2778 tenerum
537 2718 689 2792 quaelibet
706 2734 795 2790 aura,
817 2716 919 2774 cadet:
983 2735 989 2744 ¹

169 2801 244 2861 Mox
252 2802 368 2860 *eadem
384 2803 497 2875 ventis,
520 2801 620 2876 spatio
637 2801 758 2873 durata,
780 2801 911 2872 resistet,

211 2884 374 2959 Firmaque
390 2885 551 2960 adoptivas
567 2884 657 2948 arbor
671 2883 794 2943 habebit
809 2887 897 2957 66661
960 2937 964 2940 ,

168 2967 280 3027 Eximit
294 2966 363 3042 ipsa
379 2967 446 3026 dies
462 2968 561 3028 omnis
577 2984 594 3027 e
610 2983 740 3041 corpore
756 2966 893 3038 mendaS,
951 2969 953 2974 '

212 3050 362 3124 Quodque
378 3051 434 3109 luit
448 3051 567 3122 vitium,
592 3051 703 3111 desinit
715 3065 786 3110 6666
801 3064 896 3108 mora.

104 3140 157 3196 666
167 3131 259 3193 Ferre
272 3148 374 3192 novae
387 3149 478 3193 nares
495 3141 647 3193 taurorum
663 3141 748 3207 terga
762 3137 919 3192 recusant:

210 3215 352 3277 Adsiduo
371 3215 502 3276 domitas
517 3223 655 3290 tempore
670 3217 744 3275 tollit
759 3217 845 3275 odor.

167 3298 346 3359 Nominibus
362 3299 478 3359 mollire
494 3298 564 3359 11661
578 3300 666 3358 mala.
699 3299 799 3358 Fusco
817 3301 949 3367 vocetur,

209 3381 328 3456 Nigrior
342 3382 464 3458 Illyrica
479 3383 527 3441 cui
543 3383 613 3456 6166
629 3381 753 3455 sanguis
771 3381 840 3438 erit:

167 3463 201 3524 Si
216 3479 323 3525 crassa
336 3471 398 3539 est,
419 3465 551 3526 Veneris
568 3464 684 3524 similis.
706 3464 733 3523 si
748 3470 849 3536 torva,
868 3460 1034 3522 Minervae.
