2488 4006
145 239 207 306 1³2
518 235 789 310 marsalicam.

228 391 363 452 Falleris.
374 360 514 464 ignorat.
539 403 622 459 nec,¹
635 388 660 447 si
678 387 761 447 bona
776 403 886 462 magna
904 395 1031 463 putaret,

271 475 355 548 Quae
370 481 465 544 tenet,
488 481 613 532 externo
630 472 769 531 crederet
784 472 834 530 illa
848 471 926 530 viro.

228 559 268 618 Ut
283 565 311 616 le
326 573 382 616 nec
396 572 465 616 mea
479 572 544 616 vox
560 571 617 616 nec
631 562 661 614 te
675 571 762 614 meus
778 557 881 616 incitet
897 556 997 628 ardor,

165 653 217 706 310
270 641 412 714 Cogimur
427 640 525 715 ipsius
542 639 758 700 commoditate
774 640 847 698 frui:

227 727 289 785 Ant
307 725 419 784 erimus
438 724 533 795 stulti,
555 724 600 782 sio
615 730 648 782 ut
663 738 844 796 superemus
862 729 892 782 et
907 723 1018 799 ipsum,

273 808 304 868 Si
320 815 380 867 tam
397 822 538 867 securum
554 813 675 881 tempus
690 805 784 866 abibit
799 807 891 866 iners.

139 941 142 946 .
229 891 330 952 Paene
346 892 411 950 suis
427 890 465 949 ad
482 897 511 949 te
527 889 668 948 manibus
686 890 811 949 deducit
824 897 988 950 amantem:

271 977 363 1036 Utere
377 973 549 1034 mandantis
565 973 756 1048 simplicitate
771 973 838 1031 viri.

166 1069 217 1124 315
229 1058 304 1120 Sola
320 1059 403 1118 iaces
419 1059 513 1117 viduo
529 1065 590 1115 tarn
605 1058 696 1130 longa
712 1063 802 1116 nocte
817 1054 923 1116 cubili:

272 1143 306 1201 ln
324 1143 417 1202 viduo
433 1142 519 1201 iaceo
536 1141 622 1200 solus
638 1148 668 1198 el
684 1140 753 1214 ipse
765 1146 844 1200 toro.

230 1228 272 1288 Te
290 1227 376 1298 mihi,
400 1240 510 1298 meque
524 1224 577 1285 tibi
592 1222 892 1296 communiagaudln
906 1223 1046 1298 iungant:

273 1308 437 1370 Candidior
453 1308 554 1368 medlo
570 1323 632 1367 nox
647 1309 703 1366 erit
715 1307 768 1365 illa
781 1308 841 1367 die.

229 1393 312 1454 Tunc
327 1407 385 1466 ego
401 1392 507 1451 iurabo
523 1391 651 1464 quaevis
666 1389 719 1449 tibi
737 1391 874 1463 numina,
898 1407 1007 1466 meque

166 1486 218 1539 300
271 1477 468 1549 Adstringam
484 1474 586 1533 verbis
603 1475 632 1533 in
650 1489 738 1534 sacra
752 1475 817 1534 ium
832 1474 902 1534 tuis.

229 1563 312 1620 Tunc
330 1575 403 1632 ego,
427 1560 453 1618 si
469 1573 528 1617 non
547 1565 594 1618 est
612 1560 703 1618 fallax
720 1558 833 1618 fiducia
848 1566 962 1631 nostra,

213 1675 219 1684 x
271 1642 410 1701 Efficiam
426 1657 590 1718 praesens,
614 1649 728 1702 ulmea
744 1658 838 1716 regna
856 1649 952 1716 petas.

231 1725 262 1785 Si
277 1728 372 1802 pudet
387 1731 417 1786 et
431 1725 556 1798 meluis,
580 1741 619 1785 ne
634 1741 682 1784 me
698 1726 822 1786 videare
837 1733 952 1797 secuta,

271 1811 343 1884 lpse
357 1825 428 1869 reus
444 1811 555 1870 sinete
572 1808 706 1868 criminis
721 1810 811 1870 huius
828 1825 893 1869 ero.

165 1902 217 1956 303
228 1893 304 1954 Nam
318 1909 432 1967 sequar
447 1893 586 1966 Aegidae
600 1894 713 1952 factum
730 1895 918 1967 fratrumque
933 1901 1063 1954 tuorum.

271 1977 421 2051 Exemplo
436 1978 520 2050 tangi
534 1994 594 2037 non
611 1977 773 2052 propriore
788 1985 886 2051 poles.

228 2061 271 2120 Te
285 2060 386 2136 rapuit
399 2061 552 2134 Theseus,
573 2061 711 2134 geminas
726 2061 933 2136 Leucippidas
947 2061 1003 2120 illi:

272 2143 402 2217 Quartus
419 2145 447 2204 in
465 2144 614 2218 exemplis
629 2144 855 2204 adnumerabor
869 2159 938 2220 ego.

228 2229 319 2288 Troia
334 2228 443 2288 classis
461 2228 563 2300 adest,
586 2228 678 2288 armis
695 2228 842 2288 instructa
856 2229 1007 2303 virisque=

165 2319 217 2372 330
269 2311 333 2370 Iam
349 2312 460 2371 facient
475 2314 592 2371 celeres
608 2327 710 2370 remus
729 2319 759 2371 el
774 2328 848 2372 aura
865 2313 944 2372 vias.

228 2393 290 2453 Ibis
306 2395 476 2455 Dardanias
492 2395 601 2469 ingens
619 2397 725 2470 regina
740 2411 795 2470 per
809 2395 910 2470 urbes,

270 2478 374 2552 Teque
389 2495 500 2539 novam
516 2480 619 2538 credet
635 2482 745 2553 vulgus
762 2480 875 2540 adesse
891 2479 990 2540 deam.
1230 2545 1231 2560 q

230 2561 356 2636 Quaque
372 2563 452 2623 feres
467 2578 609 2636 gressus,
633 2563 800 2624 adolebunt
816 2564 956 2622 cinnama
972 2562 1125 2632 flammae,
1229 2613 1230 2653 i

273 2646 432 2722 Caesaque
447 2646 647 2722 sanguineam
665 2647 786 2706 victima
803 2650 925 2723 planget
939 2648 1073 2708 humum.

165 2735 217 2790 335
228 2728 316 2790 Dona
331 2737 417 2804 pater
431 2731 603 2805 fratresque
618 2737 730 2791 etcum
747 2731 895 2804 genitrice
908 2747 1033 2793 sorores

270 2811 445 2888 Iliadesque
460 2831 567 2874 omnes
582 2821 707 2889 lotaque
722 2815 811 2874 Troia
826 2815 918 2876 dabit.

228 2894 263 2954 Ei
278 2897 366 2970 mihi,
390 2913 461 2972 pars
477 2915 496 2958 3
510 2914 559 2958 me
572 2898 624 2956 vix
640 2899 749 2958 dicitur
764 2900 826 2958 ulla
841 2900 942 2960 futuri.

265 2978 358 3039 'Plura
373 2982 469 3053 feres
494 2994 584 3054 quarn
601 2998 680 3056 quae
697 2984 914 3043 litteranoslra
929 2983 1032 3042 refert
1225 2987 1226 3029 l

227 3063 289 3120 Nec
305 3070 337 3122 tu
352 3073 439 3138 rapta
454 3064 539 3137 time,
563 3082 602 3126 ne
617 3081 675 3126 nos
692 3069 756 3125 fera
772 3066 855 3126 bella
868 3074 1044 3141 sequantur,
1224 3067 1225 3123 l

162 3152 215 3208 340
269 3145 405 3207 Concitet
419 3155 448 3207 et
462 3148 544 3208 vires
561 3150 689 3210 Graecia
703 3167 814 3224 magna
832 3166 914 3210 suas.
990 3175 993 3178 ·

227 3231 283 3288 Tot
297 3232 382 3304 prins
397 3231 536 3292 abductis
554 3249 653 3307 ecqua
668 3242 715 3294 est
729 3235 859 3308 repetita
873 3251 928 3310 per
943 3241 1049 3293 armat

269 3313 365 3372 Crede
381 3315 466 3388 mihi,
487 3333 586 3377 vanos
604 3333 653 3376 res
668 3316 814 3378 habel'l
775 3326 814 3378 rsl
815 3335 834 3378 3
848 3326 959 3379 metus

227 3395 354 3455 Nomine
369 3406 516 3473 ceperunt
532 3400 694 3480 Aquilonis
710 3402 896 3462 Erechthida
910 3402 1054 3474 Tlrreces,

267 3479 305 3538 El
313 3487 382 3544 tuta
396 3498 415 3540 3
428 3481 509 3542 bello
523 3483 658 3544 Bistonis
673 3499 728 3544 ora
745 3486 809 3545 fuit.
