2498 4008
164 221 225 288 loo
555 218 776 280 51511555.

246 375 301 434 Est
316 372 406 433 etiam
420 371 575 446 placuisse
591 370 648 430 sibi
665 370 845 445 cuicumque
859 373 1013 447 voluptas.
1116 397 1118 400 ·

289 455 464 531 Virginibus
482 456 566 532 cordi
581 462 728 528 grataque
743 453 839 512 torma
855 471 911 514 sua
926 465 981 516 est.

248 540 401 600 Laudatas
416 539 530 598 homini
544 537 680 598 volucris
694 537 821 596 Iunonia
836 553 952 611 pennas

288 623 442 698 Explicat,
466 629 496 681 et
510 623 608 682 forma
622 622 714 680 multa
728 619 867 694 superbit
880 622 957 682 avis.

205 715 238 769 35
251 705 301 765 Sic
316 705 418 781 potius
433 719 490 764 nos
505 711 574 764 uret
588 715 688 775 arnor,
712 717 803 776 quom
819 703 947 764 fortibus
962 705 1076 783 herbis,

290 791 371 863 Quas
386 804 476 862 maga
489 786 614 848 terribili
628 785 774 850 subsecat
787 793 851 845 arte
868 804 985 848 manus.

247 873 308 931 Nee
324 887 380 930 vos
395 869 597 945 graminibus,
619 884 676 929 nec
691 870 783 945 mixto
800 870 913 930 credite
931 887 1035 936 succo.

288 955 350 1014 Nec
366 960 509 1027 temptate
525 967 640 1012 nocens
655 952 740 1011 virus
755 955 883 1012 55155115
899 969 1008 1027 equae.

246 1039 307 1096 Nec
322 1038 440 1096 mediae
455 1035 565 1095 MarsIs
580 1034 735 1094 finduntur
750 1037 887 1096 cautibus
902 1053 1027 1112 angues,

206 1129 240 1182 40
291 1121 353 1178 Nec
367 1119 446 1178 redit
460 1118 493 1198 in
507 1119 605 1178 fontes
620 1118 703 1176 unda
718 1119 828 1192 supina
844 1135 927 1180 suos.

170 1239 175 1248 ·
247 1203 285 1263 Et
299 1201 439 1280 quamvis
456 1201 566 1276 aliquis
580 1200 739 1260 Temesei'a
753 1202 883 1262 ruoverit
898 1219 978 1278 aera,

289 1286 459 1361 Numquam
473 1285 558 1344 Luna
572 1285 636 1344 suis
653 1284 822 1344 excutietur
838 1287 935 1360 equis.

246 1369 346 1428 Prima
360 1370 398 1427 sit
412 1368 442 1428 in
458 1366 548 1427 vobis
563 1383 681 1431 monim
696 1369 802 1441 tutela,
826 1371 955 1442 puellae.
1029 1425 1032 1430 .

287 1447 521 1526 ingenio'lacies
538 1450 718 1511 conciliante
733 1453 843 1524 placet.

204 1544 238 1596 45
251 1535 355 1595 Certus
372 1550 456 1594 amor
470 1549 587 1594 morum
601 1540 657 1593 est.
680 1535 809 1594 formam
825 1534 1018 1609 populabitur
1033 1543 1131 1607 actas,

287 1617 324 1678 Et
339 1611 467 1692 placitus
483 1617 566 1691 rugis
584 1617 684 1676 vultus
701 1624 803 1678 aratus
819 1619 884 1676 erit.

245 1701 377 1776 Tempus
393 1702 462 1775 erit,
485 1715 547 1774 quo
560 1716 619 1760 vos
635 1701 794 1776 speculum
811 1701 926 1770 vidisse
941 1700 1065 1777 pigebit,

286 1784 325 1843 Et
337 1785 438 1843 veniet
452 1783 536 1858 mgis
552 1783 646 1843 altera
661 1799 757 1844 causa
772 1784 869 1844 dolor.
1136 1791 1139 1797 '

198 1886 202 1891 ¹
247 1865 380 1940 Sufficit,
402 1873 431 1927 et
445 1867 568 1941 longum
584 1865 720 1941 probitas
736 1867 880 1942 perdurat
898 1866 927 1925 in
943 1882 1062 1944 aevum,

204 1958 239 2009 5ο
289 1949 407 2023 Perque
423 1966 497 2010 suos
514 1965 611 2010 annos
626 1949 696 2008 hinc
710 1950 789 2010 bene
804 1950 917 2025 pendet
932 1965 1027 2010 arnor.

245 2031 386 2106 Discite,
397 2049 465 2092 cum
479 2040 601 2092 teneros
618 2049 744 2094 somnus
761 2033 1021 2116 5115515551155155,Ι

288 2115 423 2175 Candida
441 2133 501 2190 quo
520 2117 640 2191 possint
655 2132 709 2175 ora
724 2118 819 2176 nitere
835 2117 936 2176 modo.

244 2197 380 2271 Hordea,
404 2215 482 2273 quae
496 2199 602 2274 Libyci
616 2200 732 2259 ratibus
748 2200 858 2268 misere
873 2199 983 2272 coloni,

286 2281 372 2341 Exue
389 2281 428 2340 de
444 2282 532 2356 palea
546 2281 791 2356 tegminibusque
808 2284 882 2342 suis.

203 2374 236 2425 55
247 2363 305 2423 Par
320 2365 384 2423 ervi
400 2379 543 2424 mensura
558 2365 665 2426 decem
680 2365 824 2425 madefiat
838 2366 875 2425 ab
893 2365 973 2426 ouis:

288 2447 351 2507 Sed
368 2449 520 2514 cumulent
534 2447 626 2507 libras
640 2448 757 2512 hordea
772 2449 854 2508 nuda
870 2448 959 2509 duas.

243 2530 328 2590 Haec
344 2531 395 2589 ubi
410 2538 554 2592 ventosas
571 2531 682 2591 luerint
697 2532 812 2591 siccata
828 2547 881 2607 per
895 2547 995 2605 auras,

286 2615 381 2673 Lenta
394 2612 466 2674 iube
481 2615 591 2674 scabra
606 2615 724 2689 frangat
739 2615 834 2674 asella
849 2616 944 2675 rnola:

244 2697 281 2757 Et
298 2713 376 2772 quae
390 2698 487 2772 prima
503 2698 615 2764 cadunt
629 2698 728 2758 vivaci
744 2713 859 2757 cornua
877 2714 978 2769 cervo,

203 2789 237 2844 60
291 2781 429 2840 Contere.
448 2781 479 2840 in
494 2781 571 2840 haec
585 2781 676 2842 solidi
692 2788 780 2840 sexta
795 2781 861 2840 lace
876 2781 956 2840 assis
973 2784 1031 2838 551.

244 2865 369 2938 lemque
384 2864 436 2924 ubi
451 2866 614 2938 pulvereae
629 2864 739 2925 luerint
753 2865 881 2924 confusa
896 2864 1020 2935 farinae,

154 3015 157 3019 ,
285 2945 425 3008 Protinus
441 2948 471 3008 in
487 2948 617 3008 cumeris
633 2947 734 3008 omnia
751 2963 841 3008 cerne
858 2947 952 3006 cavis.

243 3028 341 3089 Adice
357 3031 486 3090 55551551
501 3029 547 3092 bis
564 3047 621 3091 sex
636 3033 702 3092 sine
718 3033 829 3092 cortice
843 3030 964 3100 bulbos,

287 3111 416 3173 Strenua
435 3130 514 3189 quos
532 3131 610 3189 puro
628 3131 778 3176 marmore
793 3114 901 3174 dextra
915 3118 1000 3172 terat.

202 3204 234 3258 65
247 3193 483 3271 Sextantemque
498 3197 596 3258 trabat
610 3198 723 3272 gummi
739 3215 807 3258 cum
823 3197 939 3256 semine
953 3195 1067 3257 Tusce.

285 3277 350 3339 lluc
367 3281 475 3340 novies
492 3288 574 3342 tanto
592 3282 660 3356 plus
675 3282 728 3341 tibi
744 3282 841 3342 mellis
857 3287 915 3341 551.

244 3361 461 3438 Quaecumque
477 3364 589 3424 alliciet
605 3365 656 3422 tali
672 3365 872 3424 medicamine
887 3364 1013 3436 vultum,

285 3443 422 3518 Fulgebit
436 3449 563 3522 speculo
581 3448 678 3506 letior
693 3448 761 3522 ipsa
777 3464 845 3508 suo.
