2498 4008
166 271 225 336 178
523 267 665 330 ARTIS
684 267 823 328 ΑΜΑΤ.

171 479 173 483 .
248 421 310 482 Sed
324 435 472 496 propera,
493 421 616 481 nevela
631 418 741 478 cadant
756 433 911 494 auraeque
925 418 1073 478 residant

289 505 329 565 Ut
341 505 457 578 fragilis
473 505 603 578 glacieS,
625 503 727 562 interit
741 504 786 560 ira
799 517 897 562 mora.

175 595 234 650 ,375
247 588 388 662 Quaeris,
413 601 451 646 an
465 587 545 646 hanc
562 587 661 660 ipsam
676 586 773 660 prosit
787 586 903 645 violare
917 585 1115 645 ministram?

288 665 410 730 Talibus
426 669 570 730 admissis
586 672 652 728 alea
666 667 792 742 grandis
807 669 895 734 inest.

247 755 330 814 Haec
345 771 363 813 a
379 753 541 813 concubitu
555 754 589 813 lit
605 752 727 824 sedula,
750 751 867 811 tardior
880 751 941 809 illa.

288 836 372 896 Haeo
388 837 529 896 dominae
545 851 656 894 munus
671 841 701 894 te
717 841 818 909 parat,
842 833 893 893 illa
907 833 974 893 sibi.

249 921 344 979 Casus
360 920 390 977 in
407 923 517 978 eventu
531 924 586 978 est..
611 918 680 976 licet
693 917 743 977 hic
757 917 913 992 indulgeat
929 916 1023 976 ausis.

182 1011 237 1064 380
289 1002 454 1080 Consilium
468 1007 568 1080 tamen
584 1007 631 1060 est
645 999 831 1060 abstinuisse
847 1015 957 1060 meum.

247 1086 312 1144 Non
329 1099 386 1159 ego
402 1099 457 1159 per
472 1098 622 1159 praeceps
638 1091 668 1142 et
682 1090 772 1143 acuta
787 1083 945 1162 cacumina
960 1082 1081 1156 vadam,

287 1168 350 1227 Nec
365 1168 508 1227 iuvenum
524 1167 687 1242 quisquam
701 1169 751 1225 me
765 1167 843 1225 duoe
858 1174 965 1242 captus
981 1166 1046 1224 erit.

248 1251 281 1310 Si
295 1257 394 1309 lamen
409 1251 542 1324 illelmi,
565 1250 635 1308 dum
652 1250 704 1308 dat
717 1248 886 1326 recipitque
900 1248 1037 1321 tabellas,

290 1333 440 1408 Corpore,
464 1331 525 1392 non
543 1340 658 1392 tantum
674 1332 836 1393 sedulitate
850 1333 958 1408 placet,

184 1423 235 1478 385
247 1416 308 1476 Fac
322 1417 444 1476 domina
462 1415 578 1489 potiare
592 1416 687 1490 prius.
710 1431 814 1475 comes
830 1416 881 1474 illa
895 1420 1052 1489 sequatur.

288 1499 355 1558 Non
369 1499 423 1558 tibi
438 1497 476 1557 ab
492 1498 601 1557 ancilla
616 1506 663 1559 est
678 1499 851 1574 incipienda
864 1514 973 1558 venus.

246 1583 312 1642 Hoc
325 1598 419 1642 unum
433 1597 558 1654 moneo,
582 1582 684 1656 siquid
698 1584 791 1643 modo
808 1582 940 1642 creditur
953 1581 1018 1652 arti,

288 1665 351 1724 Nec
365 1681 433 1736 mea
448 1666 528 1725 diota
542 1680 638 1739 rapax
654 1667 807 1742 permane
822 1673 931 1726 ventus
947 1665 1023 1739 agit:

246 1750 308 1808 Aut
324 1763 490 1823 numquam
503 1754 648 1822 temptes,
671 1755 721 1809 aut
735 1751 860 1823 pertice.
881 1747 996 1809 tollitur
1010 1746 1120 1822 index,

181 1840 239 1896 390
287 1830 361 1890 Cum
376 1832 470 1892 semel
485 1832 515 1891 in
529 1839 646 1905 partem
663 1833 795 1892 oriminis
813 1833 882 1908 ipsa
897 1831 988 1892 venit.

245 1914 312 1974 Non
328 1916 394 1974 avis
409 1914 520 1974 utiliter
535 1915 659 1974 viscatis
676 1914 782 1990 effugit
796 1917 867 1976 alis:
935 1969 939 1974 ,

286 1997 447 2058 Narbone
461 1998 500 2056 de
515 1998 593 2057 laxis
610 1998 750 2064 cassibus
766 1999 827 2058 exit
842 2014 926 2074 aper.

246 2079 376 2142 Saucius
391 2086 513 2156 arrepto
528 2079 624 2155 piscis
639 2087 778 2142 teneatur
791 2081 829 2140 ab
843 2081 945 2142 hamo.

286 2161 440 2239 Perprime
453 2170 644 2240 temptatam,
664 2179 722 2223 nec
736 2165 795 2224 nisi
809 2166 909 2224 victor
921 2163 981 2224 abi.

181 2253 233 2310 397
246 2245 308 2306 Sed
321 2245 401 2306 bene
417 2247 539 2307 celetur.
562 2246 641 2306 bene
656 2248 683 2306 si
699 2247 845 2308 celabitur
858 2247 961 2320 index,

197 2343 211 2368 ·
285 2329 415 2389 Notitiae
429 2329 545 2396 suberit
559 2344 681 2404 semper
695 2329 793 2390 amica
807 2338 886 2390 tuae.

244 2410 395 2486 Tempora
410 2413 461 2487 qui
477 2413 552 2473 solis
568 2428 702 2488 operosa
718 2413 887 2475 colentibus
903 2428 986 2487 arva,

179 2504 231 2558 400
283 2493 422 2569 Fallitur,
444 2503 475 2555 et
489 2495 588 2556 nautis
603 2496 784 2572 aspicienda
796 2504 890 2572 putat.

243 2577 306 2636 Neo
321 2593 443 2651 semper
459 2579 613 2639 credenda
629 2595 715 2639 ceres
731 2579 889 2640 fallacibus
905 2581 1000 2655 arvis,

286 2659 348 2720 Nec
366 2676 489 2737 semper
501 2661 592 2722 viridi
607 2677 745 2724 concava
759 2665 874 2740 puppis
890 2677 999 2739 aquae,
1081 2699 1086 2706 ·

243 2743 305 2803 Nec
322 2751 443 2805 teneras
458 2761 580 2822 semper
592 2752 688 2806 tutum
705 2753 828 2821 captare
845 2748 978 2823 puellas=

218 2845 223 2856 “
286 2825 387 2904 Saepe
402 2829 472 2888 dato
486 2829 595 2889 melius
609 2837 747 2905 tempore
762 2831 815 2890 liet
828 2831 920 2890 idem.

178 2918 229 2974 405
242 2909 316 2970 Sive
331 2911 397 2971 dies
413 2911 529 2973 suberit
541 2915 667 2985 natalis,
690 2915 757 2973 sive
770 2913 937 2987 Kalendae,

286 2994 366 3067 Quas
383 2994 535 3054 Venerem
549 2995 637 3056 Marti
653 2998 851 3058 continuasse
865 2998 962 3057 iuval=

243 3075 315 3135 Sive
330 3078 387 3136 erit
403 3085 527 3138 umatus
542 3094 605 3138 non
618 3087 652 3140 ut
666 3081 721 3141 luit
735 3087 820 3152 ante,
844 3079 961 3155 sigillis,

284 3158 348 3220 Sed
361 3175 466 3235 regum
482 3162 599 3241 positas
615 3163 720 3224 Circus
735 3163 861 3223 habebit
876 3179 968 3238 opesa

241 3241 336 3304 Differ
350 3259 438 3320 opus.
460 3253 532 3306 tune
548 3247 643 3306 tristis
658 3248 769 3320 hiems,
793 3254 866 3307 tunc
879 3245 1000 3306 Pliades
1016 3245 1145 3321 instant,

177 3335 229 3390 410
281 3324 364 3387 Tunc
376 3334 464 3388 tener
477 3344 632 3404 aequorea
646 3331 791 3404 mergitur
804 3331 931 3392 Haedus
947 3346 1040 3404 aqua.
1144 3369 1146 3373 -

240 3409 324 3468 Tunc
338 3408 417 3470 bene
431 3412 586 3472 desinitur.
609 3420 681 3472 tunc
697 3414 796 3489 siquis
812 3413 946 3475 ereditur
961 3415 1035 3488 alto,

282 3491 345 3551 Vix
360 3494 455 3553 tenuit
468 3495 588 3555 lacerae
605 3497 753 3570 naufraga
767 3497 903 3558 membra
918 3495 1002 3556 ratis.
