2498 4008
459 269 516 343 111,
536 265 598 328 aar
612 301 649 310 -
662 234 733 332 om.

107 419 233 482 closed
247 434 349 493 neque
363 425 394 478 te
407 418 527 478 facilem
542 419 644 480 iuveni
659 421 800 493 promitte
814 425 942 497 roganti,

211 503 274 571 Nec
289 509 390 562 tamen
405 501 501 563 eduro
518 502 602 576 quod
617 501 704 579 petit,
728 521 781 564 oro
796 520 883 580 nege.

169 587 230 646 Fac
245 587 348 646 timeat
363 592 529 659 speretque
543 586 647 659 simul,
669 589 872 664 quotiensque
887 590 1031 662 remittam

212 667 358 744 Spesque
371 669 469 743 magis
485 669 585 729 veniat
601 675 683 730 certa
696 672 858 747 minorque
872 681 981 734 metus,

170 753 299 825 Munda,
322 753 378 812 sed
396 768 413 812 e
430 753 531 812 medlo
547 762 756 830 consuetaque
770 755 880 829 verbe,
897 758 1034 833 ¹puellae,

105 845 159 898 480
212 835 350 896 scribite.
373 836 523 896 sermonis
538 837 663 912 publica
676 839 775 899 forma
789 829 899 913 placet.

169 922 213 980 A!
237 921 378 994 quotiens
394 920 506 980 dubius
522 921 643 994 seriptis
660 923 774 982 exarsit
788 929 913 994 amator,

210 1003 247 1062 Et
262 1004 366 1064 nocuit
379 1004 495 1066 formae
508 1003 639 1062 barbara
652 1005 755 1079 lingue
769 1007 884 1066 bonae!

171 1085 233 1146 Sed
249 1087 408 1160 quoniam,
427 1087 573 1161 ,quemvis
589 1088 679 1146 vittae
694 1089 823 1148 careatis
839 1088 967 1160 honore,

209 1168 265 1227 Est
279 1168 370 1228 vobis
385 1176 506 1229 vestros
523 1168 627 1227 lallere
643 1185 715 1228 cure
731 1171 823 1242 vireo,

104 1260 154 1313 485
166 1249 303 1310 Ancillae
318 1250 468 1324 puerique
481 1267 573 1310 menu
590 1245 730 1324 perarate
745 1253 883 1312 tabellae.

209 1333 341 1408 Pignora
355 1349 412 1392 neo
427 1350 522 1408 puero
539 1334 654 1393 credita
665 1341 772 1394 'vestra
785 1337 869 1396 volo.
910 1373 911 1376 =

168 1417 241 1476 Vidi
258 1433 316 1491 ego
335 1417 476 1492 pallentis
492 1417 550 1476 isto
567 1423 681 1477 terrore
697 1418 816 1493 puellas

209 1499 373 1561 Servitium
389 1495 518 1561 miseras
533 1507 654 1576 tempus
670 1501 700 1560 in
716 1517 806 1562 omne
820 1502 892 1576 pati.

167 1583 306 1644 Perfidus
322 1583 373 1642 ille
389 1585 526 1657 quidem,
549 1585 601 1657 qui
615 1585 686 1644 talia
703 1586 832 1660 pignore
848 1591 961 1659 servat,

101 1674 155 1728 490
209 1665 271 1726 Sed
285 1674 385 1726 tamen
400 1665 530 1725 Aetnaei
545 1667 678 1726 fulminis
696 1668 791 1729 instar
803 1668 905 1729 habet.
922 1729 925 1734 .

166 1749 271 1810 Iudice
286 1765 334 1808 me
350 1751 434 1808 fraus
450 1755 497 1808 est
511 1763 662 1809 concessa
675 1752 825 1826 repellere
838 1751 987 1824 fraudem,

208 1833 364 1907 Armaque
381 1833 412 1891 in
427 1838 560 1892 armatos
575 1848 696 1892 sumere
710 1834 777 1893 iura
792 1834 903 1896 sinunt.

165 1917 285 1994 Ducere
300 1922 484 1982 consuescet
498 1915 607 1976 multas
624 1932 732 1992 manus
747 1932 809 1976 una
823 1917 965 1990 figuras„

185 1993 187 1998 ’
209 2001 252 2058 A!
273 2006 417 2074 pereant,
440 2015 496 2074 per
511 2015 590 2074 quos
605 2000 664 2060 ista
678 2000 832 2060 monenda
844 1999 927 2081 mihi.
1002 2039 1007 2056 .

101 2089 155 2144 495
165 2082 228 2142 Neo
245 2083 304 2143 nisi
319 2083 427 2142 deletis
446 2086 541 2144 tutum
556 2084 726 2145 rescribere
741 2084 829 2143 cerie.

210 2166 254 2224 Ne
269 2172 370 2226 teneat
383 2167 521 2240 genrines
538 2183 600 2226 una
614 2166 726 2226 tabella
739 2183 856 2228 manus.

167 2247 290 2308 Femina
305 2248 424 2309 dicatur
439 2250 583 2311 scribenti
599 2265 723 2325 semper
737 2257 868 2308 amator:

208 2333 264 2392 illa
280 2332 364 2392 sitin
379 2333 505 2406 vestris,
528 2332 581 2408 qui
595 2333 651 2394 luit
665 2334 731 2406 ille,
752 2334 843 2392 notis.

168 2413 231 2474 Sed
246 2415 319 2474 libet
332 2432 351 2475 e
366 2417 471 2491 parvis
487 2416 618 2476 animum
634 2417 674 2476 ad
687 2417 805 2476 maiora
818 2415 941 2487 referre,
991 2453 993 2460 ,

101 2507 156 2559 500
208 2497 361 2573 Plenaque
377 2505 509 2576 curvato¹
517 2499 654 2574 pendere
669 2500 740 2558 vela
755 2499 833 2558 sinu.

167 2579 300 2642 Pertinet
314 2583 354 2642 ad
368 2582 478 2642 taciem
491 2581 615 2642 rabidos
632 2596 830 2656 compescere
845 2595 961 2640 morose

212 2664 347 2726 Candida
362 2682 426 2746 plax
439 2665 595 2738 homines,
619 2671 688 2726 trux
702 2665 791 2725 deoet
804 2665 849 2724 ire
862 2665 954 2722 teras.

169 2746 228 2807 Ore
241 2755 357 2808 tument
370 2751 425 2809 ira.
447 2751 625 2825 nigrescunt
638 2748 787 2823 sanguine
801 2762 915 2806 venae:

191 2832 337 2904 ‚Lumina
352 2833 515 2907 Gorgoneo
531 2833 655 2909 saevius
670 2827 740 2907 igne
755 2833 875 2890 micent.

102 2921 155 2974 505
166 2915 192 2972 ‘I
207 2916 316 2989 procul
329 2915 428 2990 hino‚’
453 2917 529 2977 dixit
545 2921 619 2977 ‘non
635 2930 670 2976 es
685 2915 773 2989 mihi,
795 2913 884 2988 tibia,
906 2914 1004 2990 tanli’,

208 2998 249 3058 Ut
264 2995 339 3059 vidit
352 3001 455 3060 vultus
468 2999 568 3060 Pallas
584 2999 615 3061 in
629 3015 719 3060 amne
733 3015 819 3060 suos.

167 3083 234 3141 Vos
250 3097 373 3158 quoque
388 3084 415 3143 si
429 3083 531 3142 media
546 3085 705 3158 speculum
719 3082 864 3159 spectetis
878 3079 911 3142 in
925 3083 978 3156 ira,

211 3164 383 3238 Cognoscat
399 3167 579 3230 iaciemuix
592 3167 666 3228 satis
682 3166 743 3226 ulla
758 3183 857 3227 suam.
1003 3233 1005 3237 ,

166 3245 228 3306 Neo
242 3247 342 3309 minus
358 3249 390 3308 in
402 3249 654 3329 vultu-damnosa
669 3249 814 3326 superbia
827 3255 941 3310 vestro.

103 3337 155 3390 510
209 3330 352 3392 Cornibus
368 3339 415 3393 est
430 3333 526 3394 oeulis
542 3334 720 3396 alliciendus
736 3349 832 3395 amor.
970 3383 972 3388 .
1020 3333 1025 3341 '

169 3411 294 3478 Odimus
309 3415 514 3477 inmodicos...
530 3424 657 3492 experto
673 3417 823 3487 oreditet..
847 3417 961 3478 lostost

209 3496 310 3576 Saepe
325 3507 431 3574 tacens
447 3500 509 3562 odil
525 3500 642 3561 semina
656 3501 757 3562 vultus
772 3499 875 3561 habet
