2488 4006
392 241 441 303 XI.
464 241 648 303 CANAOE
671 240 825 306 17-92.
1058 247 1134 312 lll‘

143 404 177 457 55
187 393 270 454 Μο55
286 393 435 453 55515515
450 393 568 455 oculos.
591 400 621 453 et
636 409 726 469 opem
740 395 856 455 Lucina
870 396 1015 471 negabam

227 477 265 536 111
278 491 389 552 grave,
412 477 438 536 si
453 478 580 549 moriar,
602 492 686 562 mors
702 495 828 560 quoque
843 481 956 540 crimen
971 489 1049 542 erat:

187 560 259 622 Cum
276 576 370 640 super
384 560 562 620 incumbens
579 561 678 622 scisse
692 563 857 637 tunicaque
871 580 1022 641 comaque

48 700 52 707 .
227 643 340 704 Pressa
354 644 493 704 refovisti
508 650 634 718 pectora
649 653 755 705 nostra
768 646 836 719 tuis,

112 795 113 799 Ἰ
185 727 223 789 Et
235 726 307 785 mihi
323 727 430 801 ‘Vive,
452 743 555 800 soror,
579 743 669 788 soror
683 745 701 788 o
717 729 903 802 carissima,’
927 731 995 792 aisti

141 821 177 874 55
230 811 335 890 tvnc,
360 826 416 870 nec
433 811 523 871 unius
539 825 669 886 corpore
686 813 782 887 perde
797 807 893 872 duest

186 893 267 969 Spes
280 894 363 955 bona
378 894 430 954 det
443 894 534 954 51555.
554 895 640 955 155151
653 911 723 958 nam
737 903 831 971 nuptu
846 898 945 957 151555
959 913 1003 958 55.

227 977 325 1050 111155,
348 976 387 1036 de
403 993 464 1050 quo
479 985 587 1051 mater,
610 987 640 1038 et
654 995 732 1038 uxor
748 981 831 1040 eris’

184 1059 444 1141 Mortua...crede
458 1060 561 1119 milri...
577 1067 677 1120 tamen
693 1062 734 1122 ad
747 1069 798 1122 tua
813 1064 1033 1125 verberaveris

225 1142 263 1201 Et
277 1141 408 1217 positum
425 1151 472 1202 est
486 1144 562 1203 uteri
577 1145 690 1203 crimen
708 1160 849 1219 onusque
864 1147 932 1205 mei.

142 1225 266 1299 6505151
281 1225 335 1284 tibi
350 1226 501 1300 gratarist
519 1227 626 1285 media·
635 1227 723 1286 sedet
737 1229 852 1287 Aeolus
867 1230 951 1288 aulas

228 1308 358 1368 Crimina
376 1315 445 1368 sunt
460 1309 556 1370 oculis
572 1309 770 1384 subripienda
785 1311 890 1384 patris.

184 1391 357 1454 Frondibus
373 1392 518 1452 infantem
531 1393 686 1466 ramisque
702 1392 829 1453 albentis
845 1393 946 1454 olivae
978 1449 979 1452 ,
1060 1431 1062 1436 -

226 1475 263 1535 Ε1
277 1474 395 1535 levibus
414 1475 495 1536 vittis
511 1477 620 1538 sedula
637 1476 714 1536 celat
728 1493 814 1548 5555,

183 1558 331 1634 Fictaque
347 1574 435 1618 sacra
451 1560 535 1632 15511,
559 1559 693 1635 dicitque
708 1560 862 1634 precantia
878 1561 984 1621 verba:
1099 1561 1118 1588 ·'

142 1650 178 1706 to
230 1643 289 1701 Dat
303 1644 436 1716 populus
455 1643 567 1714 sacris,
590 1643 642 1702 dat
659 1650 745 1717 pater
758 1645 825 1718 ipse
839 1644 928 1704 viam.

183 1728 245 1785 Iam
263 1740 362 1800 prope
376 1725 467 1784 limen
484 1732 557 1785 erat.
580 1727 694 1807 patrias
715 1727 833 1801 vagitus
848 1729 896 1788 ad
908 1731 990 1791 auris

224 1809 331 1879 Venit,
356 1815 386 1868 51
398 1808 509 1868 indicio
525 1809 664 1883 proditur
678 1807 809 1869 1115555.

182 1891 437 1967 1151511151551555
453 1893 637 1967 mentitaque
653 1909 742 1952 sacra
755 1895 872 1956 5555151
924 1949 928 1954 .

226 1976 354 2036 Aeolus.
377 1977 486 2036 155555
501 1976 584 2050 regia
597 1992 675 2036 voce
691 1985 788 2037 sonat.
852 2015 854 2022 ι

142 2065 176 2122 75
187 2059 227 2119 Ut
241 2074 325 2118 mare
339 2059 373 2119 111
387 2060 563 2134 tremulum,
586 2061 668 2121 tenui
683 2076 751 2122 cum
767 2063 920 2136 stringitur
933 2078 1016 2136 auru,

225 2143 263 2203 Ut
281 2139 414 2216 quatitur
427 2143 532 2219 tepido
548 2144 668 2204 fraxina
681 2145 768 2219 virga
782 2152 864 2219 5515,

185 2225 236 2286 Sic
251 2241 318 2286 mea
333 2225 446 2286 vibrari
462 2227 605 2302 pallentia
620 2229 755 2287 membra
769 2229 905 2288 videres=

228 2310 364 2383 Quassus
380 2310 418 2368 ab
436 2310 569 2384 inposito
590 2327 719 2386 corpore
734 2313 829 2371 lectus
847 2319 922 2372 5551.

184 2393 277 2452 Inruit
291 2400 321 2453 51
335 2399 471 2454 nostrum
486 2394 591 2468 vulgat
607 2395 739 2454 elamore
754 2396 912 2468 pudorem,

140 2484 177 2538 80
230 2477 268 2535 Et
279 2477 331 2536 vix
347 2477 491 2537 amisero
508 2478 642 2537 continet
660 2493 713 2538 ore
727 2494 845 2538 manus,
953 2528 955 2532 .

183 2561 257 2634 Ipsa
272 2559 346 2620 nihil
361 2566 481 2636 praeter
495 2562 636 2621 lacrimas
652 2561 832 2636 pudibunda
845 2561 977 2636 profudi.

227 2642 395 2718 Torpuerat
408 2645 510 2718 gelido
524 2645 627 2719 lingua
641 2651 757 2704 retenta
771 2651 861 2712 metu.
883 2664 885 2669 ·

74 2789 77 2793 ,
183 2728 311 2801 Iamque
325 2727 391 2787 dari
406 2743 530 2802 parvum
548 2728 736 2804 canibusque
751 2729 922 2802 avibusque
936 2734 1078 2803 nepotem

226 2811 377 2883 Iusserat,
401 2811 429 2870 in
446 2812 520 2870 solis
536 2812 721 2886 destituique
735 2813 823 2873 locis.
878 2849 880 2854 ,

34 2972 36 2976 Ι
140 2901 175 2956 85
186 2893 315 2968 Vagitus
330 2894 413 2954 dedit
430 2893 480 2954 ille
496 2895 597 2954 miser.
621 2897 758 2956 sensisse
773 2903 912 2970 55155555

226 2979 354 3052 Quaque
369 2995 458 3040 suum
473 2986 592 3054 5515551
605 2995 682 3038 5555
697 2978 825 3054 rogabat
841 2995 940 3038 avum.

185 3060 262 3134 Quid
276 3060 348 3121 mihi
362 3070 435 3124 tunc
451 3063 541 3122 animi
557 3063 672 3134 credis,
695 3077 853 3138 germane,
875 3063 1016 3137 inissa...
1057 3089 1064 3115 «

200 3215 201 3218 ¹
225 3146 299 3204 Nam
316 3153 405 3221 potes
421 3147 574 3206 55551515
590 3147 733 3221 colligere
749 3147 914 3222 1555155...

185 3229 258 3288 Cum
273 3246 340 3289 mea
355 3245 520 3290 555555515
538 3229 631 3290 silvas
646 3230 784 3290 inimicus
799 3231 829 3288 15
845 3231 921 3290 51155

140 3321 177 3374 95
229 3314 359 3373 Viscera
373 3314 524 3374 montanis
540 3315 632 3374 ferret
647 3315 767 3373 edenda
781 3315 882 3387 155151
969 3361 970 3366 ,

183 3396 307 3456 Exierat
320 3399 462 3460 thalamo.
497 3398 579 3458 Tunc
595 3399 715 3457 demum
731 3402 855 3470 pectora
870 3394 970 3468 plangi

228 3480 356 3557 Contigit
371 3483 463 3558 inque
477 3497 562 3541 meas
576 3480 727 3556 unguibus
743 3480 785 3536 ire
801 3492 905 3552 genas.
