2488 4006
134 241 195 304 tce
348 295 377 326 ι,
520 229 769 295 nunninus.
864 261 866 266 -

259 386 440 449 Mulmtmiln
454 393 566 459 terrac,
590 386 683 445 multa
697 386 848 444 minantur
862 399 970 458 aquae.

176 483 210 538 95
223 474 343 534 Caelum
358 469 503 531 restabat.
524 470 615 529 nmen
632 468 794 528 simulacra
808 467 946 528 deorum.

138 602 143 609 .
260 556 415 616 Destitucr
428 553 544 628 rapidis
561 552 676 627 praeda
694 549 845 625 cibusque
861 551 943 610 ieris.

220 639 292 717 Sive
307 640 410 700 colunt
424 636 621 710 habitantque
639 635 708 708 viri,
732 633 900 694 diffidimus
917 634 993 694 illisa

260 722 411 781 Externos
425 719 517 779 didici
532 721 618 779 laesa
634 719 739 778 timere
755 718 847 776 vires,

217 806 344 864 Viveret
357 804 542 876 Androgeos
558 802 686 872 utinam,
711 816 768 862 nec
784 801 864 860 lacta
877 800 989 861 luisses

154 900 205 952 100
257 888 354 961 impia
372 886 545 958 funeribuS,
568 884 696 960 Gecrcpi
711 891 805 955 terra,
829 884 905 944 tuis:

216 971 279 1031 Nec
293 977 344 1030 tua
359 975 524 1030 mactasset
539 970 660 1028 nodoso
676 967 792 1042 stipite,
814 967 944 1040 Theseu,

259 1055 365 1113 Ardua
380 1060 467 1128 parte
481 1052 579 1110 virum
594 1052 736 1124 dextera,
761 1057 846 1125 parte
861 1050 987 1110 bovem=

217 1138 280 1196 Nec
294 1137 348 1196 tibi
364 1151 444 1211 quae
458 1135 574 1194 reditus
589 1141 805 1203 monstrarent,
828 1134 881 1193 fila
895 1134 1063 1208 dedissem,

260 1220 324 1278 nna
338 1235 394 1294 per
408 1219 556 1278 adductas
572 1234 668 1292 saepe
682 1224 806 1292 recepta
819 1234 938 1278 manue.

145 1315 205 1366 ÷105
216 1303 283 1364 Non
298 1302 448 1377 equidem
460 1303 567 1373 miror,
592 1302 618 1362 si
634 1305 693 1362 stat
708 1299 835 1363 victoria
850 1308 958 1375 tecum,

262 1386 425 1460 Strataque
441 1385 596 1444 Cretaeam
610 1383 702 1444 belua
717 1385 792 1444 texit
806 1385 940 1445 humum.

218 1469 284 1529 Non
301 1476 442 1543 poterant
455 1469 507 1542 figi
522 1468 705 1543 praecordia
721 1469 820 1540 ferrea
836 1484 946 1530 cornua

260 1554 300 1613 Ut
313 1561 342 1612 te
357 1558 568 1626 contegeres,
594 1559 718 1626 pectore
731 1559 813 1612 tutus
829 1567 908 1612 eras.

218 1635 282 1695 Illic
295 1642 325 1694 tn
342 1633 459 1706 silices,
482 1636 543 1694 illic
557 1635 720 1694 adamanta
731 1635 841 1695 tulisti:

156 1730 207 1783 110
259 1719 323 1778 Illic
341 1719 392 1794 qui
408 1719 525 1792 silices,
546 1719 680 1791 Thesea,
701 1720 816 1791 vincat,
837 1716 944 1776 habes.
998 1745 1008 1756 ’-

219 1802 364 1862 Crudeles
379 1800 493 1871 somni,
517 1802 591 1876 qnid
605 1817 653 1860 me
668 1802 807 1862 tenuistis
823 1803 969 1860 inertem?

176 1941 179 1946 .
260 1889 322 1944 Aut
336 1887 431 1945 semel
446 1891 570 1944 aelerna
584 1892 675 1945 nocte
690 1887 858 1960 premenda
873 1884 925 1944 lui.

218 1969 284 2028 Vos
301 1984 424 2043 quoquc
440 1969 595 2039 crudeles,
619 1969 714 2043 venti,
737 1969 923 2043 nimiumque
941 1967 1048 2042 parati,

260 2052 457 2127 Flaminaque
471 2052 501 2109 in
516 2052 656 2112 lacrimas
672 2053 813 2114 ciflcicse
827 2067 921 2112 meas.

154 2143 205 2197 115
215 2133 348 2195 Dextera
363 2135 510 2208 crudelis,
531 2151 611 2211 quae
625 2151 674 2195 me
688 2137 873 2210 fratremque
886 2133 1015 2206 necavit,

260 2219 297 2277 Et
312 2219 382 2278 data
398 2219 553 2292 poscenti,
576 2234 685 2279 nomen
700 2220 805 2294 inane,
827 2219 917 2278 fides.

219 2302 251 2360 In
268 2317 315 2359 me
329 2302 465 2361 iurarunt
480 2317 606 2362 somnus
621 2310 793 2378 ventusque
808 2303 958 2377 fidesque.

260 2383 383 2444 Prodita
396 2400 465 2444 snm
480 2385 582 2444 causis
597 2401 657 2447 una
672 2389 774 2461 puella
788 2386 894 2446 tribus.

218 2466 298 2540 Ergo
315 2482 372 2541 ego
388 2482 444 2526 nec
458 2468 599 2527 lacrimas
615 2469 718 2530 matris
734 2471 878 2530 moritura
893 2466 1014 2540 videbe,

154 2559 207 2611 120
258 2549 321 2608 Nec
335 2565 403 2608 mea
419 2552 471 2626 qui
486 2550 588 2625 digitis
603 2553 716 2612 lumina
730 2552 856 2625 condat,
878 2551 954 2611 eritl

219 2631 349 2706 Spiritus
365 2633 470 2694 infelix
484 2635 661 2708 peregrinas
677 2635 732 2696 ibit
746 2637 775 2696 in
791 2651 891 2708 auras,

259 2716 321 2776 Nec
336 2719 456 2792 positos
472 2724 555 2776 artus
569 2726 684 2797 unguet
697 2719 797 2778 amica
810 2724 939 2778 manuel

219 2797 299 2858 Ossa
314 2801 530 2875 superstabunt
545 2801 684 2862 volucres
701 2802 853 2862 inhumata
867 2801 1021 2860 marinae?

259 2883 342 2942 Haec
357 2891 428 2944 sunt
442 2883 552 2944 ciliciis
568 2884 660 2958 digna
673 2885 836 2960 sepulchra
850 2885 948 2944 meist

155 2973 204 3025 115
216 2964 276 3023 lbis
294 2965 458 3040 Cecropios
474 2973 597 3042 pcrtuS,
619 2969 780 3042 patriaque
793 2975 937 3043 receptus

261 3047 332 3106 Cum
349 3050 476 3109 steteris.
483 3048 589 3114 turbae
604 3051 705 3111 celsus
720 3053 750 3110 in
767 3068 820 3112 ore
834 3060 913 3122 tuae,

217 3130 254 3189 Et
267 3131 347 3190 bene
362 3133 495 3192 narraris
510 3133 601 3191 letum
615 3136 755 3210 taurique
768 3136 889 3208 virique
928 3148 933 3153 ’

260 3212 413 3288 Sectaque
426 3232 483 3291 per
497 3214 608 3276 dubias
624 3233 720 3278 saxea
734 3225 814 3280 tecte
828 3219 906 3291 vias,

218 3297 266 3356 Me
282 3314 406 3371 quoque
421 3305 543 3358 narrato
560 3302 627 3358 sola
640 3302 747 3361 tellure
761 3303 913 3362 relictam=

155 3387 205 3440 130
256 3379 322 3438 Non
338 3396 396 3454 ege
412 3384 478 3442 snm
493 3382 588 3441 titulis
602 3384 801 3460 subripienda
818 3387 887 3445 tuis.
944 3447 950 3452 .

216 3462 278 3521 Nec
296 3470 381 3536 pater
396 3472 443 3524 est
457 3467 596 3540 Aegeus,
619 3483 676 3530 nec
692 3477 724 3529 tu
737 3469 905 3529 Pittheidos
922 3466 1056 3528 Aethrae
