2498 4008
171 269 232 333 182
493 269 496 274 '
528 265 667 327 ARTIS
689 264 828 326 ΑΜΑΤ.
897 323 900 329 .

254 419 367 480 Gnosis
381 419 412 477 iu
427 417 537 492 ignotis
552 426 658 477 amens
672 416 793 477 errabat
807 417 939 489 harenis,

296 504 367 576 uua.
375 503 478 562 brevis
494 501 658 576 aequoreis
676 501 733 561 Dia
748 500 851 560 seritur
865 503 964 574 aquis.

253 587 354 662 thue
370 593 434 644 erat
448 601 465 644 e
481 600 589 644 somno
604 584 707 645 tunica
722 585 823 643 velata
836 583 977 655 recincta,

191 679 242 733 530
296 669 383 728 Nuda
397 667 523 743 pedem,
548 683 675 727 croceas
691 667 848 740 inreligata
863 683 976 741 comae,

253 753 373 813 Thesea
388 751 541 812 crudelem
557 751 667 811 surdas
685 749 835 810 clamabat
850 750 889 809 ad
904 751 1013 824 undas,

259 885 262 890 .
296 835 425 910 Indigno
441 842 562 894 teneras
579 835 675 893 imbre
688 834 806 908 rigante
821 849 926 908 genas.

254 917 423 990 clamabat,
445 916 600 991 flebatque
615 916 712 976 simul.
736 917 793 976 sed
807 924 968 992 utrumque
984 916 1127 976 decebat.

295 1002 362 1062 Non
378 1002 457 1062 lacta
472 1008 519 1061 est
534 999 665 1060 lacrimis
680 1001 797 1075 turpior
810 1001 861 1059 illa
875 1001 964 1064 suis„

191 1095 241 1150 555
262 1086 387 1160 lamque
401 1086 508 1144 ilerum
522 1084 654 1144 tundens
669 1083 846 1143 mollissima
865 1092 989 1160 pectora
1004 1083 1118 1156 palmis

299 1168 451 1228 ‘Perfidus
466 1168 516 1226 ille
530 1167 613 1228 abiit.
638 1167 712 1240 quid
729 1165 800 1226 mihi
816 1167 898 1226 liett’
921 1169 972 1227 ait.

255 1251 346 1326 ‘Quid
360 1250 433 1310 mihi
448 1249 530 1310 fietl’
553 1249 603 1310 ait.
627 1257 796 1312 sonuerunt
810 1251 950 1325 cynabula
965 1255 1027 1310 toto

295 1335 423 1405 Littera,
447 1340 476 1393 et
490 1334 625 1394 adtonita
638 1340 787 1410 tympana
802 1334 891 1409 pulsa
905 1349 1004 1392 manu.

254 1417 374 1477 Excidit
388 1417 439 1476 illa
452 1424 548 1489 melu,
570 1417 711 1492 rupitque
726 1417 894 1478 novissima
908 1417 1011 1478 verba.

190 1509 243 1564 tto
293 1499 399 1560 Nullus
415 1501 445 1559 in
461 1501 592 1560 exanimi
608 1515 738 1575 corpore
753 1501 877 1576 sanguis
893 1508 967 1560 erat.

253 1584 333 1644 Ecce
347 1583 571 1644 Mimallonides
587 1584 705 1660 sparsis
722 1585 752 1644 in
767 1593 851 1660 terga
866 1584 999 1660 capillis:

295 1667 376 1726 Ecce
394 1669 478 1727 leves
494 1669 603 1744 satyri,
624 1669 750 1743 praevia
763 1668 851 1728 turba
866 1668 929 1728 dei:

254 1749 380 1825 Ebrius,
403 1765 489 1824 cece,
514 1767 609 1812 senex
625 1752 727 1835 pando
743 1752 863 1813 Silenus
879 1753 974 1812 asello

295 1834 357 1893 Vix
373 1834 474 1906 sedet,
496 1843 526 1894 el
540 1851 665 1909 pressas
683 1838 818 1897 continet
832 1842 900 1897 ante
915 1835 1013 1895 iubas.
1123 1909 1126 1915 Ι

186 1923 241 1980 Ι545
252 1915 330 1978 Dum
345 1919 484 1994 sequitur
497 1917 647 1992 bacchas,
669 1919 805 1981 bacchae
818 1919 996 1994 fugiuntque
1010 1923 1190 1994 petuntque,

296 2000 531 2076 Quadrupedem
547 2002 642 2062 serula
659 2004 731 2063 dum
746 2007 843 2064 malus
859 2010 967 2078 urguet
981 2018 1090 2077 eques,

252 2085 285 2142 In
301 2092 392 2160 caput
407 2086 503 2147 aurito
522 2085 632 2146 cecidit
647 2087 792 2162 delapsus
809 2088 920 2147 asello:
999 2087 1006 2098 ⁸
1080 2119 1084 2126 -

239 2244 244 2255 ι
296 2167 468 2228 Clamarunt
483 2167 580 2247 satyri
596 2171 700 2245 ‘surge
715 2187 786 2246 age,
806 2187 913 2246 surge,
932 2172 1041 2245 pater’

252 2250 317 2312 lam
331 2251 408 2312 deus
423 2253 452 2310 in
469 2269 573 2326 curru,
598 2269 687 2328 quem
703 2271 849 2314 summum
865 2261 982 2315 texerat
997 2253 1077 2327 uvis,

189 2342 240 2395 550
290 2333 429 2410 Tigribus
445 2336 594 2396 adiunctis
610 2353 704 2398 aurea
719 2339 785 2398 lora
800 2337 901 2398 dabat.

251 2417 289 2477 Et
303 2418 389 2489 color
403 2427 432 2478 et
445 2419 581 2480 Theseus
596 2428 626 2480 ct
640 2435 703 2480 vox
719 2422 821 2481 abiere
837 2421 971 2496 puellae:
1050 2414 1057 2426 '

293 2501 412 2574 Terque
426 2503 528 2576 lugam
544 2505 643 2579 pellit,
666 2511 773 2579 terque
787 2512 903 2566 relenta
917 2511 1000 2563 metu
1015 2510 1072 2562 est.

251 2583 388 2656 Horruit,
408 2591 441 2645 ut
455 2584 566 2646 sterilis
591 2588 684 2662 agitat
699 2604 775 2662 quas
789 2594 898 2648 ventus
913 2587 1033 2660 aristas,
1059 2640 1064 2647 .

133 2745 135 2749 Ι
241 2707 244 2714 -
294 2665 333 2726 Ut
346 2667 423 2728 levis
439 2668 470 2728 in
484 2669 607 2730 madida
622 2687 719 2730 canna
735 2671 847 2746 palude
864 2671 970 2730 tremit.

188 2757 239 2811 555
250 2747 304 2810 Cui
319 2750 396 2811 deus
412 2755 477 2824 ‘em
498 2752 607 2814 adsum
622 2754 674 2814 tibi
690 2769 763 2814 aura
779 2755 910 2817 fidelior'
927 2753 1038 2828 inquit=

294 2833 388 2894 ‘Pone
403 2843 530 2897 metum:
550 2836 679 2910 Bacchi,
700 2837 846 2910 Gnosius,
868 2854 947 2899 uxor
962 2838 1033 2896 eris.

250 2915 362 2977 Munus
377 2917 458 2978 habe
473 2920 600 2980 eaelum.
621 2922 707 2982 caela
722 2921 903 2996 spectabere
917 2921 1014 2981 sidus.

293 2998 393 3075 Saepe
407 3009 494 3076 reget
508 3000 630 3064 dubiam
645 3004 756 3066 Cressa
770 3005 890 3067 Corona
904 3008 1022 3065 ratem’

250 3081 346 3155 Dixit,
368 3091 399 3143 et
413 3099 431 3143 e
445 3101 550 3159 curru,
573 3103 612 3147 ne
626 3088 720 3163 tigres
734 3089 785 3150 illa
799 3090 924 3162 timeret,

186 3171 238 3228 500
289 3165 406 3226 Desilit.
426 3167 559 3243 inposito
575 3173 669 3232 cessit
683 3172 798 3234 harena
812 3173 899 3248 pedit
1032 3221 1035 3226 .

157 3284 160 3291 -
248 3249 489 3326 Implicitamque
504 3253 603 3313 sinu...
619 3256 813 3330 nequeenim
829 3269 967 3334 pugnare
981 3254 1139 3316 valebat...

290 3332 432 3393 Abstulit.
453 3335 484 3393 in
502 3335 582 3395 sacili
597 3345 644 3397 est
659 3340 757 3398 omnia
775 3354 870 3413 posse
886 3339 956 3401 dea.

248 3412 322 3472 Pars
335 3415 535 3490 ‘Hymenaee'
548 3428 667 3494 canunt,
679 3436 751 3498 pars
762 3421 1029 3495 clamantlluhion,
1044 3421 1193 3483 ‘euhoel’
1239 3395 1240 3404 ἵ

292 3493 342 3554 Sic
358 3506 468 3579 eceupt
482 3515 571 3560 sacro
587 3510 681 3576 nupta
696 3505 834 3579 deusque
850 3514 927 3565 loro.
