2472 4010
560 215 760 286 AMORUM
921 236 925 246 “

279 379 361 452 Quae
376 379 474 438 luerat
489 377 575 452 virgo
590 378 714 450 tradita,
736 384 833 438 mater
847 385 920 438 erat.

234 462 388 537 Penelope
401 461 528 535 mansit,
550 462 690 536 quamvls
706 461 835 540 custode
850 461 988 536 carebat,

276 547 357 607 Inter
370 553 415 606 tot
428 546 556 605 iuvenes
571 545 749 606 intemerata
764 559 888 620 procos.

191 639 226 692 25
238 629 393 704 Quidquid
408 635 561 701 servetur,
585 629 726 702 cupimus
740 629 849 704 magis.
882 630 1016 705 ipsaque
1030 632 1131 692 iurem

278 713 356 774 Cura
371 719 472 773 vocat.
504 712 593 787 pauci
609 713 693 786 quod
708 713 779 774 sinit
793 713 883 786 alter,
905 721 1026 778 amant·
1118 711 1123 723 ’

233 797 296 856 Nec
312 797 390 856 facie
405 798 507 872 placet
521 796 573 854 illa
587 811 659 869 sua,
683 796 740 855 sed
754 811 858 858 amore
873 796 980 857 mariti.

217 907 225 924 ·
275 881 385 939 Nescio
401 879 490 954 quid,
513 881 597 954 quod
612 885 641 938 te
656 880 785 955 ceperit,
809 895 881 938 esse
895 886 1009 954 putant.

233 965 300 1024 Non
315 963 411 1038 proba
427 963 474 1037 fit,
496 979 587 1038 quam
600 962 648 1022 vir
665 971 783 1036 servat,
808 963 864 1024 sed
880 964 1018 1024 adultera
1032 979 1115 1024 cara.

191 1056 227 1110 ³0
279 1047 350 1122 Ipse
366 1048 456 1106 timor
470 1047 599 1122 pretium
615 1063 745 1122 corpore
760 1046 858 1108 maius
873 1047 974 1108 habet.

233 1131 395 1205 Indignere
410 1131 495 1205 licet,
515 1131 599 1190 iuvat
613 1130 796 1191 inconcessa
809 1133 962 1206 voluptas.

277 1215 351 1276 Sola
367 1215 480 1288 placet,
504 1214 620 1274 ‘timeo'
637 1213 740 1273 dicere
755 1215 844 1288 siqua
860 1221 969 1290 potest.

233 1299 296 1358 Nec
311 1306 411 1359 tamen
427 1298 589 1372 ingenuam
604 1299 651 1356 ius
668 1305 715 1357 est
730 1313 855 1358 servare
872 1299 1014 1373 puellam.
1051 1330 1058 1344 ·

275 1382 331 1440 Hic
346 1387 444 1440 metus
460 1390 603 1443 externae
618 1397 750 1456 corpora
767 1382 866 1456 gentis
882 1389 960 1456 agat.

191 1473 225 1527 35
238 1465 360 1525 Scilicet
374 1471 406 1523 ut
421 1466 521 1539 possit
535 1472 640 1524 custos
656 1467 740 1539 ‘ego’
756 1466 858 1525 dicere
874 1467 974 1540 ‘l'eci’,

275 1549 307 1606 ln
323 1549 445 1608 laudem
460 1548 542 1608 servi
559 1555 645 1608 easta
660 1549 700 1608 sit
714 1548 765 1609 illa
779 1549 844 1609 tuit

231 1632 374 1692 Rusticus
388 1639 437 1692 est
450 1633 587 1706 nimium,
609 1648 700 1708 quem
716 1633 808 1693 laedit
822 1632 972 1705 adultera,
996 1631 1126 1709 coniux,

274 1717 312 1775 Et
326 1723 415 1777 notos
431 1732 532 1776 mores
548 1733 609 1776 non
626 1717 700 1776 satis
716 1715 808 1776 Urbis
822 1716 927 1775 habet:

232 1800 265 1858 In
282 1816 342 1876 qua
356 1800 542 1874 Martigenae
557 1816 618 1860 nun
633 1808 705 1861 sunt
719 1802 785 1861 sine
800 1800 924 1860 crimine
939 1801 1000 1860 nati

190 1892 225 1945 40
280 1885 426 1944 Romulus
442 1884 552 1944 Iliades
567 1885 741 1959 iliadesque
755 1885 880 1944 Remus.

234 1966 298 2039 Quo
314 1967 366 2026 tibi
381 1969 583 2042 formonsum,
605 1969 631 2027 sl
648 1967 783 2036 nonnisi
801 1975 886 2030 casta
902 1967 1062 2044 placebat?

274 2051 340 2110 Non
357 2059 490 2126 possunt
503 2053 573 2112 ullis
587 2053 645 2112 ista
661 2052 744 2112 coire
758 2054 869 2114 modis.

131 2131 134 2136 “
233 2133 265 2194 Si
281 2135 380 2210 sapis,
403 2136 527 2210 indulge
542 2137 700 2209 dominae,
724 2139 888 2212 vultusque
903 2152 1030 2198 severos

234 2235 236 2240 ’
273 2217 374 2293 Exue,
397 2235 454 2279 nec
467 2219 558 2300 rigidi
573 2219 640 2281 iura
655 2228 739 2282 tuere
753 2221 827 2280 viri:

188 2303 351 2365 raulcone
367 2320 447 2378 quos
463 2304 611 2364 dederit...
626 2306 737 2366 multos
753 2303 869 2363 dabit...
884 2320 962 2364 uxor
977 2304 1106 2365 anricus.

275 2387 377 2459 Gnatia
391 2388 436 2448 sic
451 2389 573 2448 minimo
588 2405 699 2462 magna
714 2387 819 2446 labore
833 2387 924 2446 venit.

232 2468 282 2528 Sic
297 2472 412 2544 poteris
427 2472 570 2531 iuvenum
586 2471 727 2531 convivia
742 2486 863 2544 semper
878 2471 967 2544 inire,

272 2552 325 2628 Et,
349 2571 429 2630 quae
443 2571 505 2614 non
520 2555 658 2626 dederis,
670 2554 771 2654 (multa
787 2554 891 2614 videre
905 2555 997 2615 domi.

177 2683 201 2776 5
234 2681 326 2780 ‘Nox
341 2728 418 2794 erat,
442 2729 471 2780 et
490 2737 616 2783 somnus
632 2723 735 2783 lassos
750 2722 900 2782 summisit
915 2721 1046 2782 ocellos=

271 2803 453 2864 Terruerunt
467 2807 599 2865 animum
614 2807 685 2866 talia
698 2823 767 2864 visa
781 2821 891 2866 meum.

231 2885 313 2946 Colle
329 2886 386 2946 sub
402 2889 505 2962 aprico
521 2891 722 2950 creberrimus
738 2889 806 2958 llice
820 2891 908 2949 lucus

273 2968 390 3043 Stabat,
413 2972 487 3030 etin
501 2973 594 3032 ramis
610 2973 702 3032 multa
717 2971 829 3033 latebat
842 2972 919 3032 avis·

200 3053 310 3114 5Area
324 3054 481 3126 gramineo
498 3055 621 3116 suberat
636 3055 821 3116 viridissima
835 3063 939 3130 prato,

270 3136 382 3196 Umida
396 3138 435 3197 de
449 3139 541 3212 guttis
556 3142 624 3200 lene
640 3141 777 3200 sonantis
793 3155 901 3214 aquae.

227 3220 299 3294 lpse
313 3221 371 3282 sub
387 3221 523 3282 arboreis
540 3223 672 3283 vitabam
687 3222 846 3288 frondibus
863 3229 996 3284 aestum:

269 3303 390 3364 Fronde
406 3303 462 3365 sub
478 3306 607 3366 arborea
626 3307 681 3366 sed
697 3313 796 3367 tamen
812 3313 917 3368 aestus
933 3312 1006 3366 erat.

225 3389 322 3462 Ecce,
342 3394 449 3463 petens
465 3391 557 3449 variis
573 3390 724 3456 immixtas
739 3389 866 3452 floribus
881 3391 993 3450 herbas

189 3480 218 3528 ιο
272 3471 409 3533 Constitit
423 3480 492 3532 ante
507 3475 613 3535 oculos
629 3469 761 3535 candida
775 3491 872 3536 vacca
886 3489 987 3546 meos,
