2498 4008
508 256 536 330 1,
558 256 648 318 00-
663 254 734 318 144.

203 410 237 468 ln
253 407 399 482 gradibus
416 406 494 465 sedit
509 408 643 480 populus
659 407 698 465 de
714 407 849 480 caespite
865 404 961 476 lactis,

247 490 385 564 Qualibet
398 489 531 548 hirsutas
545 489 654 548 l‘ronde
667 495 789 562 tegente
799 503 918 548 comas.

203 574 397 649 Respioiunt,
416 573 574 646 oculisque
589 578 694 632 notant
709 572 768 632 sibi
784 572 916 646 quisque
932 572 1063 646 puellam

140 667 190 720 110
245 658 339 730 Quam
354 655 441 729 velit,
464 663 494 716 et
506 657 597 716 tacito
613 655 845 729 pectorenulta
861 663 993 714 movent.

202 742 358 814 Dumque,
379 739 486 798 rudem
500 739 666 813 praebente
680 739 803 800 modum
816 737 938 797 tibicine
952 738 1061 812 Tusco,

245 823 360 882 Ludius
375 829 534 895 aequatam
548 830 594 882 ter
608 821 688 896 pede
704 824 804 896 pulsat
816 821 949 893 hunnum,

203 906 237 982 ln
254 906 354 966 medio
372 905 511 979 plausu...
528 907 654 980 plausus
668 912 740 964 tunc
754 911 819 964 arte
833 903 1008 965 carebant...

244 989 312 1048 Rex
326 989 441 1062 populo
459 989 593 1062 praedae
607 989 696 1061 signa
711 988 842 1062 petenda
857 987 949 1046 dedit.

139 1080 189 1132 lla
201 1071 339 1130 Protinus
358 1070 497 1142 exiliunt,
521 1069 652 1130 animum
668 1070 800 1132 clamore
814 1071 953 1141 latentes,

244 1152 421 1226 Virginibus
437 1154 564 1225 cupidas
579 1152 765 1224 iniciuntque
779 1167 896 1222 manus,

202 1237 241 1297 Ut
256 1235 372 1310 lugiunt
386 1235 519 1307 aquilas,
541 1234 732 1294 timidissima
746 1235 848 1305 turba,
872 1232 1039 1308 columbae,

245 1319 344 1392 thue
362 1318 437 1390 lugia
451 1317 536 1376 visos
551 1333 631 1390 agna
644 1317 766 1376 novella
780 1318 885 1390 lupos:

204 1401 255 1460 Sic
270 1403 339 1460 illae
353 1401 478 1460 timuere
492 1401 577 1460 viros
593 1400 659 1459 sinc
673 1415 757 1458 more
770 1407 903 1459 ruentes,

140 1493 192 1545 120
245 1483 383 1545 Constitit
397 1485 429 1541 in
443 1484 525 1542 nulla
541 1483 592 1557 qui
608 1483 662 1542 luit
676 1489 760 1557 ante,
780 1484 873 1542 eolor.

202 1568 276 1626 Nam
292 1567 381 1626 timor
394 1581 474 1625 unus
490 1572 568 1638 erat,
592 1565 687 1625 iacies
701 1581 761 1624 non
777 1581 838 1624 una
852 1565 982 1625 timoris=

243 1649 317 1707 Pars
332 1647 426 1706 laniat
440 1647 549 1706 crines.
573 1664 645 1722 pars
660 1650 726 1708 sine
740 1656 840 1708 menie
855 1649 956 1708 sedet=

202 1732 305 1790 Altera
318 1737 435 1789 maesta
451 1731 528 1789 silet.
552 1730 663 1789 trustra
677 1740 770 1792 vocat
782 1733 877 1792 altera
890 1738 1030 1792 matrem:

243 1815 327 1873 llaec
342 1814 485 1887 queritur.
509 1818 610 1887 stupet
624 1813 710 1872 haec.
732 1814 808 1874 haec
823 1822 934 1874 manet.
955 1815 1006 1873 illa
1020 1814 1106 1889 sugit.

22 1929 25 1936 ·
140 1905 188 1958 111
201 1896 358 1956 Ducuntur
371 1904 492 1970 raptae,
514 1896 641 1970 genialis
657 1896 786 1970 praeda,
810 1898 938 1970 puellae,

243 1980 281 2038 Et
294 1979 392 2054 potuit
405 1981 514 2039 multas
529 1979 597 2053 ipse
614 1979 724 2039 decere
737 1979 834 2038 timor.

203 2062 300 2136 Siqua
315 2071 501 2136 repugnarat
514 2063 637 2122 nimium
651 2061 852 2135 comitemque
869 2061 1007 2136 negabat,

245 2144 401 2204 Sublatam
416 2145 527 2219 cupido
542 2145 589 2204 vir
603 2145 669 2206 tulit
683 2147 750 2220 ipsa
766 2145 844 2218 sinu,

202 2229 302 2301 Atque
318 2229 359 2286 ita
374 2228 461 2301 ‘quid
475 2235 597 2288 teneros
612 2228 743 2287 lacrimis
759 2228 929 2302 corrumpis
944 2227 1084 2288 ocellos?

140 2318 190 2372 130
243 2310 331 2383 Quod
345 2311 431 2370 matri
449 2319 535 2384 paler
550 2318 611 2382 est,
633 2311 693 2370 hoc
707 2310 771 2370 tibi’
788 2311 864 2372 dixit
879 2313 968 2370 ‘ero'

201 2394 343 2464 Romule,
365 2392 506 2452 militibus
522 2394 606 2454 soistl
621 2395 695 2454 dare
710 2394 871 2454 cornmoda
886 2394 986 2453 solus!

243 2476 327 2536 Haec
342 2476 413 2535 milri
429 2476 455 2534 si
471 2476 593 2536 dederis
610 2477 785 2548 commoda,
808 2477 894 2536 miles
909 2491 974 2535 ero.

202 2557 325 2618 Scilicet
339 2574 378 2618 ax
391 2559 442 2617 illo
458 2561 616 2619 sollemnia
630 2575 714 2618 more
728 2560 845 2618 theatra

243 2641 328 2700 Nunc
344 2657 467 2716 quoque
481 2643 646 2702 formonsis
661 2643 811 2702 insidiosa
824 2649 954 2700 manent.

139 2732 188 2786 135
199 2723 262 2782 Nec
277 2731 306 2782 te
322 2724 467 2784 nobilium
482 2725 575 2798 fugiat
590 2733 741 2786 certamen
756 2741 915 2797 equorum.

242 2806 336 2866 Multa
346 2823 450 2881 capax
464 2810 569 2882 populi
584 2809 745 2869 commoda
759 2809 862 2868 Circus
877 2807 977 2866 habet.

200 2889 248 2947 Nil
262 2905 341 2964 opus
357 2897 403 2950 est
418 2891 534 2965 digitis,
557 2907 613 2966 per
627 2907 705 2965 quos
720 2907 832 2950 arcana
845 2889 992 2963 loquaris,

243 2971 305 3031 Nec
319 2972 373 3032 libi
388 2989 444 3049 per
458 2982 549 3036 nutus
563 2975 743 3050 accipienda
756 2982 829 3033 nola
842 2979 904 3032 est:

199 3053 358 3116 Proximus
373 3071 392 3115 a
406 3057 543 3130 domina,
565 3059 648 3118 nullo
665 3056 861 3132 prohibente,
883 3057 999 3132 sedato,

136 3145 188 3198 140
240 3136 334 3213 lunge
349 3147 432 3200 luum
447 3141 533 3200 lateri
549 3157 609 3216 qua
623 3149 711 3216 potes
726 3156 827 3215 usque
841 3141 930 3201 latus.

199 3220 237 3278 El
250 3220 342 3295 bene,
366 3223 449 3296 quod
464 3225 558 3304 cogit,
582 3225 719 3296 sinclis,
741 3225 822 3282 linea
834 3222 927 3296 iungi,

243 3303 331 3376 Quod
345 3305 398 3364 libi
411 3308 564 3380 tangenda
578 3315 626 3367 est
640 3309 707 3381 lege
721 3306 823 3380 puella
836 3305 906 3363 loci.

198 3383 255 3444 Hic
270 3387 324 3446 tibi
339 3396 502 3462 quaeratur
516 3391 592 3450 socii
608 3389 758 3450 sermonis
773 3389 869 3460 origo,

239 3468 277 3528 Et
292 3480 434 3533 moveant
448 3474 563 3548 primos
579 3473 702 3548 publica
716 3470 810 3530 verba
824 3487 930 3530 sonos
