2498 4008
77 182 80 186 ⁵
118 233 183 316 aso
358 235 361 242 ⁴
482 226 620 289 aurrs
640 227 780 288 auur.

201 383 327 444 Femina
342 379 416 457 quid
431 379 537 454 iaciat,
559 395 626 440 cum
644 380 683 440 sit
698 381 745 438 vir
761 375 858 456 levior
873 364 951 453 ipsa,

244 467 384 528 Forsitan
400 471 430 524 et
444 466 548 539 plures
563 464 663 538 possit
677 463 791 522 habere
806 463 913 522 virosi

202 551 263 611 Vix
279 549 351 609 mihi
368 548 514 621 credetis,
537 549 594 608 sed
609 547 760 607 oreditel..
782 545 872 605 Troia
882 552 1032 616 maneret,

23 701 24 704 ,
138 645 192 698 440
244 632 420 708 Praeceptis
433 631 543 690 Priami
558 631 585 690 si
599 631 677 694 lorct
690 620 751 690 usal
762 630 840 688 sui...

204 717 281 778 Sunt
297 715 349 792 qui
363 715 504 776 mendaci
519 715 624 790 specie
640 711 818 788 grassentur
832 711 957 786 amoris,

244 801 364 876 Perque
379 799 478 858 aditus
495 799 565 858 talis
581 798 665 857 lucra
680 796 824 872 pudenda
841 801 954 870 petant.

202 885 264 944 Neo
280 899 368 943 coma
383 898 442 941 vos
458 882 541 944 fallat
555 881 671 955 liquido
685 879 869 940 nitidissima
882 877 988 954 nardo,

243 968 305 1027 Nec
321 967 424 1026 brevis
440 966 471 1024 in
485 981 577 1040 rugas
594 964 706 1038 lingula
721 978 832 1039 pressa
844 978 935 1023 suas:
1064 971 1068 976 ’

138 1053 263 1113 italico
280 1059 353 1126 toga
368 1049 500 1124 decipiat
517 1049 568 1108 filo
585 1047 779 1121 tenuissima,
801 1061 859 1106 nec
875 1047 903 1106 si

245 1135 364 1194 Anulus
380 1133 411 1193 in
427 1133 528 1206 digitis
543 1133 662 1192 alteret
677 1133 754 1190 alter
769 1129 835 1189 erit.

202 1216 343 1277 Forsitan
358 1232 398 1276 ex
411 1217 521 1276 horum
535 1229 661 1276 numero
677 1212 865 1274 cultissimus
880 1213 931 1272 ille

244 1301 304 1361 Fur
319 1301 372 1373 sit,
395 1306 424 1358 et
439 1305 543 1359 uratur
558 1297 656 1370 vestis
672 1312 776 1357 amore
789 1302 871 1356 tuae.

203 1383 323 1443 ‘Redde
337 1386 464 1443 meumt’
488 1384 618 1441 clamant
632 1381 788 1456 spoliatae·
797 1395 893 1454 saepe
909 1379 1037 1454 puellae,

137 1477 190 1530 450
244 1467 364 1526 ‘Redde
378 1469 506 1524 meumt’
529 1472 591 1526 toto
607 1464 811 1524 voce·boante
826 1463 903 1522 loro.

201 1551 265 1610 Has
279 1551 387 1608 Venus
402 1564 419 1608 c
434 1550 554 1623 templis
569 1550 662 1609 multo
677 1546 866 1607 radiantibus
883 1561 958 1606 auro

243 1634 339 1692 Lenta
352 1633 439 1692 vides
455 1633 522 1692 lites
537 1632 760 1706 Appiadesque
775 1638 855 1691 tuac.

203 1715 279 1776 Sunt
295 1711 419 1791 qu'oque
435 1731 497 1776 non
514 1716 606 1775 dubia
621 1715 773 1790 quaedam
788 1714 868 1772 mala
885 1712 1007 1772 nomina
1023 1711 1118 1772 lama:

243 1799 397 1874 Deceptae
413 1799 537 1858 armillis
552 1797 665 1857 crimen
681 1799 809 1858 amantis
823 1796 945 1856 habent.

137 1890 188 1945 455
199 1882 315 1942 Discite
329 1881 367 1942 ab
383 1883 507 1942 alterius
521 1882 633 1941 vestris
643 1881 786 1942 timuisse
803 1881 954 1954 querellis.

243 1967 336 2028 Ianua
352 1966 451 2024 fallaci
467 1981 506 2023 ne
521 1965 560 2025 sit
575 1972 682 2039 aperta
695 1963 773 2024 viro.

200 2047 333 2122 Parcite,
356 2048 557 2123 Cecropides,
580 2049 689 2108 iuranti
704 2048 830 2107 eredere
844 2047 978 2106 Theseo=
1080 2079 1084 2084 -

245 2132 329 2205 Quos
344 2132 435 2192 laciet
447 2137 558 2204 testes,
582 2132 652 2193 lecit
667 2137 696 2190 et
712 2137 796 2204 ante,
818 2131 905 2190 deos.

199 2213 237 2274 Et
250 2215 318 2288 tibi,
341 2215 560 2290 Demophoon,
583 2215 694 2274 Thesei
710 2213 843 2274 criminis
857 2213 958 2286 heres,

135 2305 187 2362 460
240 2297 381 2376 Phyllide
397 2299 527 2373 decepta
540 2299 623 2357 nulla
637 2299 742 2358 relicta
757 2297 845 2360 noes.

201 2379 234 2440 Si
248 2379 327 2440 bene
342 2382 530 2456 promittent,
549 2382 675 2441 totidem
691 2381 852 2456 promittite
867 2379 983 2438 verbis=

243 2463 275 2524 Si
290 2465 443 2538 dederint,
465 2473 495 2524 ct
511 2465 568 2528 vos
584 2465 696 2540 gaudia
711 2470 799 2538 pacta
813 2465 893 2523 date.

199 2547 254 2606 Illa
267 2553 369 2622 potest
386 2547 493 2622 vigiles
509 2547 648 2608 flammas
663 2549 840 2622 extinguere
854 2548 978 2620 Vestae,

241 2630 278 2692 Et
293 2647 402 2706 rapere
419 2632 585 2707 etemplis,
606 2631 726 2705 Inachi,
749 2629 921 2704 sacratus,
967 2689 970 2695 .

134 2721 187 2778 los
197 2714 236 2796 Et
251 2715 325 2774 dare
339 2716 434 2776 mixta
448 2715 515 2774 viro
528 2715 607 2775 tritis
623 2715 744 2784 aconita
759 2714 874 2786 cicutis,

241 2794 378 2873 Accepto
395 2813 538 2858 venerem
554 2813 678 2858 munere
694 2799 783 2873 siqua
798 2802 903 2872 negat:

198 2879 269 2942 Fert
283 2881 401 2941 animus
418 2883 550 2958 propius·
562 2881 741 2943 consistere.
763 2895 929 2956 suppreme
942 2878 1090 2952 habenas,

240 2963 343 3040 Musa,
364 2981 422 3024 neo
438 2966 583 3025 admissis
598 2965 773 3040 exspatiare
787 2965 873 3024 rotis.

198 3047 303 3106 Verba
317 3048 429 3108 vadum
444 3054 591 3122 temptent
605 3048 742 3123 abiegnis
758 3048 873 3122 scripta
886 3043 1023 3106 tabellis:

133 3137 188 3192 470
239 3129 380 3206 Accipiat
394 3131 506 3190 'missas
524 3138 596 3206 apta
608 3132 746 3192 ministra
762 3139 863 3192 notas.

197 3214 329 3288 Inspice.
354 3215 500 3290 quodque
515 3216 614 3290 leges,
638 3231 677 3274 ex
691 3213 768 3290 ipsis
782 3215 893 3289 collige
905 3212 1022 3272 verbis.

240 3296 360 3372 Fingat,
381 3315 420 3358 an
438 3313 478 3358 ex
493 3299 594 3358 animo
609 3299 820 3372 sollicitusque
834 3305 931 3372 roget

197 3378 332 3452 Postque
342 3381 466 3439 brevem
475 3381 610 3440 rescribe
621 3397 746 3440 moram.
770 3395 856 3442 mora
868 3395 991 3454 semper
1001 3383 1135 3456 amantes

241 3460 360 3532 Incitat,
384 3463 527 3536 exiguum
542 3463 569 3522 si
586 3464 678 3523 modo
694 3471 814 3538 tempus
829 3463 931 3524 habet.
