2488 4006
217 251 336 312 xvim.
361 249 450 328 pm]
469 251 659 312 Aeonem
681 252 876 318 res-210.
997 257 1056 322 157

123 403 178 462 llic
194 405 278 474 lacit,
300 409 334 462 ut
347 403 450 464 iaceas
466 410 496 464 ct
511 403 555 462 sis
570 412 714 478 suspecta
728 406 854 468 Dianae.

165 489 253 546 Hunc
268 493 314 558 tu,
338 485 364 545 si
380 489 500 561 sapias,
519 487 611 546 limen
628 488 714 546 adire
728 497 824 550 vetes

58 577 110 632 175
122 571 187 632 Hoc
201 570 330 630 faciente
346 570 433 630 subis
448 578 509 630 tam
524 585 619 629 saeva
634 572 770 645 pericula
788 574 877 632 vitae.
900 633 903 640 ,

163 655 266 727 Atque
281 652 394 712 utinam
409 670 464 728 pro
479 659 524 726 te,
546 653 598 728 qui
612 663 716 714 movet
730 657 794 728 illa,
818 658 920 717 cadolt

123 737 218 810 Quem
234 736 260 795 si
275 739 461 812 reppuleris‚
483 752 555 812 nec,
580 753 669 816 quem
684 738 743 821 dea
758 740 893 816 damnat,
915 735 1039 816 amaris,
1089 811 1100 818 q

163 820 201 879 Et
214 826 247 879 tu
262 821 420 893 continuo,
444 827 526 879 certe
540 836 598 894 ego
614 823 723 882 salvus
734 839 796 883 ero.

122 901 342 976 Sis'te'metom,
364 904 461 978 virgo.
485 903 582 964 stabili
598 906 716 980 potiere
730 908 835 980 salute,

54 995 109 1048 180
163 985 223 1046 Fac
239 987 331 1046 modo
349 987 472 1062 polliciti
489 988 614 1048 conscia
628 991 741 1064 templa
758 992 858 1052 colas

121 1069 188 1131 Non
202 1070 284 1130 bove
298 1077 428 1132 mactato
445 1072 588 1130 caelestia
603 1073 725 1130 numina
741 1076 884 1150 gaudent,

164 1153 242 1226 Sed,
267 1168 348 1226 quae
363 1154 547 1228 praestanda
562 1161 610 1212 est
624 1162 654 1212 et
668 1155 736 1214 sine
750 1162 843 1228 teste,
864 1157 936 1216 fide.

123 1237 162 1296 Ut
175 1235 296 1294 valeant
311 1237 409 1308 aliae,
428 1236 539 1294 terrum
554 1237 708 1310 patiuntur
722 1245 752 1298 et
765 1239 868 1311 ignes:

164 1319 233 1378 Fert
246 1319 313 1377 aliis
328 1319 444 1378 tristem
459 1333 554 1380 sucus
568 1335 691 1380 arnarus
705 1336 805 1395 opem.

55 1410 108 1464 185
120 1402 163 1461 Nil
182 1418 261 1477 opus
278 1408 325 1462 est
339 1401 416 1462 istis
438 1409 552 1461 tantum
567 1404 699 1478 periuria
713 1406 785 1478 vita,

162 1485 266 1560 Teque
282 1486 372 1544 simul
388 1501 479 1545 serva
492 1501 603 1560 meque
618 1488 781 1562 datamque
795 1488 896 1548 fidem.

121 1569 302 1628 Praeteritae
316 1569 436 1628 veniam
452 1567 535 1628 dabit
548 1570 720 1643 ignorantia
734 1571 851 1646 culpae.

163 1652 348 1710 Exciderant
361 1651 461 1710 animo
477 1652 602 1711 loedere
616 1654 771 1714 lectatuo.

120 1735 285 1794 Admonita
299 1749 333 1794 es
351 1734 443 1794 modo
459 1749 537 1792 voce
552 1751 633 1808 mea,
656 1738 748 1796 modo
765 1737 888 1799 casibus
903 1737 979 1810 istie,

56 1827 109 1880 190
165 1819 263 1891 Quae,
284 1817 425 1890 quotiens
441 1825 570 1891 temptas
586 1818 706 1892 fallere,
731 1821 809 1878 ierne
824 1822 918 1882 soles.

120 1902 174 1961 His
192 1916 317 1976 quoque
333 1901 434 1962 vitatis
449 1901 479 1958 in
494 1907 582 1975 partu
596 1917 705 1975 nempe
719 1904 852 1976 rogabis,

163 1986 201 2044 Ut
215 1984 267 2044 tibi
282 1984 425 2044 luciferas
441 1983 550 2044 offerat
563 1985 614 2043 illa
626 1992 754 2044 manus?

120 2068 233 2127 Audiet
247 2067 339 2139 llaec,
360 2073 503 2142 repetens
520 2083 598 2141 quae
613 2069 674 2127 sint
688 2069 799 2129 audita.
821 2068 956 2144 requiret

163 2152 248 2226 ipsa,
271 2150 324 2208 tibi
340 2151 380 2209 de
396 2168 456 2225 quo
473 2151 603 2225 coniuge
619 2160 724 2226 partus
740 2161 796 2214 eat.
867 2209 869 2214 ,

54 2242 108 2296 195
119 2233 277 2294 Promittes
294 2241 431 2297 votum...
446 2235 503 2294 scit
517 2242 546 2293 te
562 2235 735 2308 promittere
750 2236 838 2295 lalso.

162 2317 311 2376 lumbis...
328 2317 385 2378 scit
399 2324 429 2378 to
444 2318 548 2376 tallere
563 2333 659 2391 posse
675 2318 762 2378 deos.

120 2401 187 2460 Non
203 2400 301 2474 agitur
316 2400 355 2460 de
369 2416 428 2462 me.
451 2417 523 2460 cura
537 2402 662 2462 meliore
678 2402 794 2462 laboro.

162 2483 264 2544 Anxia
279 2491 349 2544 sunt
361 2485 442 2542 vitae
459 2491 585 2558 pectora
598 2491 703 2544 nostra
718 2491 798 2544 tuae.

121 2567 182 2627 Cur
195 2567 287 2627 modo
302 2573 332 2625 te
347 2567 469 2627 dubiam
484 2568 589 2642 pavidi
605 2568 721 2628 flevere
734 2576 888 2643 parenteS,

53 2661 108 2712 200
161 2651 292 2724 ignaros
306 2650 415 2725 culpae
430 2667 509 2724 quos
524 2651 600 2710 lacis
617 2658 793 2712 essetnec?

118 2733 157 2792 Et
172 2749 227 2792 cur
240 2733 402 2808 ignorent?
436 2728 527 2808 Matri,
537 2733 608 2796 licet
624 2735 725 2794 omnia
739 2751 855 2794 narres.

161 2816 208 2874 Nil
221 2823 289 2891 tua,
311 2816 468 2894 Cydippe,
489 2818 569 2878 lacta
581 2819 702 2878 ruboris
717 2817 840 2878 habent.

120 2899 232 2959 Ordine
247 2899 296 2960 iac
310 2901 441 2974 reseras,
464 2906 497 2959 ut
512 2902 555 2960 sis
570 2901 641 2962 mihi
656 2902 779 2977 cognita
792 2903 931 2978 primum,

164 2983 259 3042 Sacra
272 2982 466 3057 pharetratae
480 2983 553 3044 dum
568 2984 644 3046 lacis
662 2986 732 3061 ipsa
746 2987 833 3060 deae,

51 3075 104 3128 205
115 3067 155 3126 Ut
169 3073 199 3125 te
215 3075 381 3141 conspecta
396 3066 512 3142 subito,
534 3069 560 3128 si
575 3070 653 3130 forte
669 3070 790 3142 notasti,

160 3149 334 3210 Restiterim
351 3149 421 3210 fixis
436 3149 468 3210 in
482 3158 534 3212 tua
548 3153 683 3212 membra
697 3153 795 3228 genis,

116 3232 168 3306 Et,
189 3240 218 3292 te
235 3233 306 3293 dum
322 3233 444 3294 nimium
460 3235 589 3310 miror,..
605 3243 678 3297 note
693 3244 776 3297 certa
790 3236 933 3297 luroris...

160 3316 336 3378 Deciderint
349 3316 484 3377 lmmcris
499 3320 591 3394 pallia
605 3321 696 3395 lapsa
709 3321 802 3380 meis=

115 3399 283 3460 Postmodo
299 3401 404 3460 neseio
423 3417 484 3478 qua
499 3404 625 3463 venisse
639 3403 773 3465 volubile
788 3402 910 3477 malum,

45 3493 102 3544 210
157 3483 262 3546 Verba
276 3485 379 3546 lenens
395 3483 494 3546 doctis
509 3485 659 3546 insidiosa
675 3485 771 3546 netis=
