2498 4008
488 239 707 311 rsa-sm.
744 289 748 298 ,
895 339 899 352 „
1064 247 1127 314 251

187 403 274 463 Hune
290 415 427 476 quoque,
452 416 512 475 quo
529 399 683 476 quondam
696 400 820 460 nimium
834 399 929 459 rivale
946 399 1085 477 dolebas,

229 486 347 544 Vellem
364 483 522 544 desineres
537 484 636 545 hostis
652 483 767 567 habere
783 485 862 544 ioco.

187 569 227 630 At
242 575 338 641 uerte,
361 567 501 642 quamvis
518 567 589 628 odio
606 573 796 640 remanente,
819 568 927 626 saluta.

231 651 343 712 Oscula
358 665 426 710 cunr
441 651 556 725 poteris
572 653 631 711 ianr
650 651 739 724 dare,
760 665 854 710 sanus
870 648 942 710 eris.

123 742 175 798 795
186 734 281 808 Eece,
307 734 393 795 eibos
412 735 517 810 etiam,
539 734 709 795 medicinae
723 735 832 810 iungar
845 739 879 792 ut
893 735 976 792 omni

229 819 372 893 Munere,
395 835 474 893 quos
490 819 590 894 fugias
606 833 747 894 quosque
763 832 909 892 sequare,
931 815 1023 876 dabo.

187 902 339 975 Daunius,
362 917 399 961 an
415 901 539 978 Libycis
556 902 665 963 bulbus
679 902 733 961 tibi
746 902 860 962 missus
875 900 913 960 ab
929 899 1001 974 oris,

229 988 278 1044 An
292 987 395 1046 veniat
410 985 560 1060 Megaris,
583 987 694 1048 noxius
710 985 808 1046 omnis
824 984 888 1042 erit.

188 1069 250 1130 Neo
265 1070 365 1129 minus
382 1085 490 1129 erucas
507 1077 610 1144 aptum
624 1070 719 1129 vitare
737 1071 866 1142 salaeeS,

122 1159 183 1214 800.
228 1152 265 1211 Et
281 1152 426 1227 quiequid
441 1153 546 1210 veneri
562 1168 693 1226 corpora
707 1159 814 1210 nostra
831 1157 926 1226 parat.
1000 1152 1002 1156 ’

88 1267 89 1270 =
186 1235 296 1290 Utilius
312 1249 417 1288 sumas
433 1235 570 1291 acuentis
584 1235 699 1293 lumina
713 1241 806 1306 tutas

227 1312 265 1370 Et
281 1311 430 1385 quidquid
444 1313 549 1370 veneri
564 1330 696 1388 corpora
712 1322 817 1374 nostre
831 1322 933 1388 negat.
1124 1381 1129 1390 ¹

187 1393 265 1467 Quid
279 1394 332 1454 tibi
345 1395 530 1470 praecipiam
548 1397 587 1470 de
599 1397 712 1456 Baoohi
729 1412 868 1471 munere,
892 1397 1036 1471 quaortsr

230 1477 292 1552 Spe
308 1478 431 1538 brevius
447 1479 569 1540 monitis
586 1481 752 1554 expediere
767 1483 853 1540 meis.

122 1569 174 1624 805
185 1561 265 1621 Vina
279 1569 387 1636 parant
401 1562 533 1622 animum
547 1564 668 1638 veneri,
690 1564 748 1624 nisi
765 1565 895 1639 plurima
909 1579 1023 1638 sumas

228 1646 265 1704 Et
279 1652 422 1720 stupeant
435 1648 528 1707 multo
546 1649 640 1708 eorda
654 1649 775 1724 sepulta
790 1663 883 1707 mero.

187 1729 319 1788 Nutritur
334 1735 440 1807 vento,
462 1736 554 1789 vento
570 1731 765 1805 restinguitur
779 1730 874 1806 ignis:

142 1850 145 1856 -
227 1812 319 1871 Lenis
335 1812 387 1871 alit
401 1811 554 1885 flammae,
578 1815 722 1888 grandior
737 1831 812 1874 aura
825 1823 923 1874 necat.

186 1895 249 1954 Aut
265 1895 348 1954 nulla
363 1896 508 1970 ebrietas,
532 1905 583 1958 aut
596 1903 678 1958 tanta
693 1897 746 1972 sit,
770 1905 804 1959 ut
816 1898 869 1958 tibi
884 1914 974 1959 curas

121 1986 175 2040 810
227 1977 352 2053 Eripiet.
376 1979 467 2054 siqua
483 1986 530 2039 est
544 1981 622 2040 inter
635 1989 809 2056 utrumque,
832 1990 933 2043 nocet.

186 2060 252 2121 Hoc
268 2077 347 2136 opus
363 2063 461 2138 exegi.
492 2063 608 2124 Fossae
623 2065 693 2126 date
708 2072 791 2126 serta
805 2067 935 2132 carinae.

229 2144 416 2220 Contigimus
431 2153 552 2223 portus,
574 2166 635 2223 quo
652 2150 724 2208 mihi
738 2165 847 2211 cursus
863 2157 937 2210 erat.

185 2225 349 2291 Postmodo
366 2231 501 2292 reddetis
517 2249 605 2293 saoro
621 2235 672 2310 pia
685 2241 759 2312 ¹vota
773 2241 893 2309 poetae,

229 2309 366 2373 Carmine
383 2317 480 2377 sanati
498 2316 609 2377 femina
623 2319 730 2394 virque
744 2335 823 2378 meo.
905 2402 907 2406 ι
