2498 4008
480 265 522 340 ll,
544 263 608 326 204
621 299 658 310 —
671 263 743 329 279.

231 416 338 476 Curam
352 415 487 476 mansuri
504 415 643 491 quisquis
660 417 772 478 amoris
786 417 893 480 habes.

187 500 220 560 Si
235 499 358 574 tibtper
372 505 466 558 tutum
481 500 665 574 planumque
681 502 840 575 negabitur
854 503 908 577 ire,

229 586 331 658 Atque
345 583 402 641 6111
416 584 560 657 opposita
575 584 665 643 ianua
680 585 754 644 iulia
768 601 847 659 sera,

120 669 270 729 615Α111
286 681 504 742 perpraeceps
521 673 598 726 16616
615 667 758 731 delabere
773 677 894 744 aperto:

227 753 284 810 Det
299 764 422 824 quoque
436 749 564 808 furtivas
579 751 639 809 alta
655 751 787 812 fenestra
802 752 878 812 vias

183 835 278 895 Laeta
293 834 360 904 erit,
384 839 414 893 ct
429 849 553 892 causam
570 832 622 893 tibi
637 850 671 892 se
686 835 765 894 scire
780 852 851 896 esse
867 835 980 912 pericli,

226 919 293 976 Hoc
310 915 451 975 dominae
467 917 539 975 certi
556 918 666 991 pignus
685 919 797 979 amoris
813 921 876 978 erit.
899 955 905 968 -

185 999 286 1074 Saepe
301 1007 352 1060 116
369 1005 506 1074 poteras,
528 1001 682 1074 Leandro,
706 1017 809 1061 carere
824 1004 940 1077 puella:

119 1094 173 1146 250
225 1083 432 1155 Transnabas,
454 1083 583 1142 animum
600 1091 706 1142 nosset
719 1092 752 1144 11
765 1085 816 1144 1116
830 1094 922 1146 tuum.

182 1167 244 1225 Neo
261 1165 361 1240 pudor
375 1164 514 1234 ancillas,
537 1174 569 1224 ut
585 1181 725 1238 quaeque
741 1169 796 1226 6111
811 1169 918 1228 ordine
932 1171 1037 1244 prima,

224 1249 286 1306 Nec
300 1245 352 1306 tibi
368 1247 406 1305 sit
421 1262 529 1306 servos
545 1248 734 1308 demeruisse
742 1251 858 1323 pudor.

181 1331 308 1412 llomine
325 1345 477 1405 quemque
492 1347 582 1390 suo...
598 1332 681 1390 nulla
695 1339 742 1392 est
755 1333 900 1392 1661116...
916 1336 1023 1410 saluta,
1137 1359 1142 1364 ’

224 1414 318 1487 Iunge
333 1415 392 1473 tuis
407 1413 552 1486 humiles,
576 1414 751 1489 ambitiose,
771 1432 889 1476 manno.

116 1507 167 1560 255
179 1495 241 1556 Sed
257 1503 356 1557 tamen
372 1503 402 1556 ct
416 1513 541 1557 servo...
556 1497 633 1556 levis
648 1504 695 1558 est
709 1499 869 1574 inpensa...
884 1501 1003 1575 roganti

222 1581 346 1654 Porrige
360 1579 512 1640 Fortunae
527 1597 651 1640 munera
665 1597 761 1656 parva
776 1583 839 1641 dic:

179 1663 303 1738 Porrige
318 1669 347 1721 61
361 1663 503 1735 ancillae,
526 1680 587 1736 qua
604 1679 721 1738 poenas
736 1667 804 1724 luce
819 1666 966 1741 pependit

220 1746 303 1806 Lusa
319 1744 446 1804 maritali
461 1745 576 1804 Gallica
589 1753 678 1806 veste
693 1763 812 1808 manus.

177 1831 239 1890 Fac
255 1829 388 1904 plebem,
413 1828 608 1902 mihicrede,
627 1835 719 1890 tuam.
744 1831 783 1890 sit
798 1845 921 1906 semper
936 1833 967 1892 in
981 1833 1031 1891 illa

27 1910 30 1915 ’
114 1924 167 1978 260
219 1914 332 1974 Ianitor
347 1920 377 1974 et
391 1912 513 1973 thalami
529 1913 580 1987 qui
598 1913 676 1973 iacet
690 1919 759 1973 ante
775 1913 867 1974 iores.

178 1998 240 2056 Neo
256 1997 409 2058 dominam
424 1995 513 2056 iubeo
531 1997 668 2071 pretioso
680 2012 804 2056 munero
821 1999 935 2058 donesa

221 2080 332 2153 Parva,
357 2081 414 2141 scd
429 2095 446 2139 6
461 2081 564 2155 parvis
580 2081 708 2140 callidus
724 2087 796 2155 apta
810 2081 891 2141 dato.

176 2165 254 2224 Dum
268 2164 348 2223 bene
363 2164 450 2224 dives
465 2179 554 2238 ager,
577 2165 650 2223 dum
663 2164 738 2223 rami
754 2166 891 2240 pondere
904 2171 1018 2239 nutant,
1071 2201 1076 2218 ι

218 2247 346 2307 Adferat
360 2247 390 2305 in
405 2247 525 2306 calatho
540 2248 653 2308 rustica
668 2248 750 2307 dona
765 2263 849 2323 puer.

110 2339 163 2394 265
174 2331 256 2392 Rure
273 2331 450 2390 suburbano
466 2332 581 2406 poteris
596 2331 649 2392 tibi
664 2331 767 2391 dicere
781 2333 885 2406 missa,
916 2379 923 2388 ,

217 2415 272 2472 1116
284 2413 335 2472 vel
349 2412 380 2473 in
395 2412 489 2474 Sacra
506 2413 566 2474 sint
581 2417 653 2474 licet
668 2421 770 2489 empta
784 2415 843 2474 via.

174 2497 303 2557 Adferat
317 2503 369 2556 aut
381 2514 474 2570 uvas,
498 2504 550 2557 aut
564 2515 642 2572 quas
657 2499 821 2574 Amaryllis
837 2497 979 2560 amabat..

216 2583 258 2640 At
272 2597 353 2641 nunc
368 2588 528 2642 castaneas
543 2597 604 2642 non
620 2582 785 2642 amaritia..
800 2598 905 2642 nuces,

175 2663 252 2738 Quin
269 2665 359 2724 etiam
372 2666 524 2739 turdoque
538 2665 608 2725 licet
621 2666 779 2740 missaque
795 2665 936 2725 columba

108 2755 162 2810 270
213 2748 255 2807 'le
270 2764 435 2808 memorem
451 2749 591 2808 dominae
606 2749 769 2810 testificere
783 2756 862 2809 tuae.

172 2831 312 2906 Turpiter
326 2831 374 2892 his
390 2833 497 2891 emitur
511 2847 584 2906 spes
600 2833 706 2892 mortis
721 2840 750 2892 et
765 2833 840 2892 orba
855 2837 1007 2894 senectus·

217 2919 257 2987 A,
281 2912 420 2990 pereant,
442 2931 499 2991 per
513 2932 592 2992 quos
608 2931 733 2977 munera
749 2917 861 2975 crimen
878 2916 1004 2976 habent!

172 2999 249 3071 Quid
262 2997 315 3057 tibi
331 2999 517 3076 praecipiam
532 3007 655 3060 teneros
671 3015 795 3074 quoque
810 3001 925 3060 mittere
943 3007 1073 3060 versus?

212 3081 247 3140 Ei
262 3082 349 3156 mihi,
371 3099 433 3142 non
448 3085 573 3145 multum
589 3099 711 3144 carmen
724 3083 851 3144 honoris
865 3084 965 3144 habet.

103 3171 156 3226 275
170 3164 308 3224 Carmina
322 3167 498 3242 laudantur,
521 3169 577 3228 sed
592 3179 843 3243 muneramagna
858 3175 1015 3242 petuntur:
1069 3181 1071 3184 ·

154 3310 160 3320 ,
212 3250 384 3311 Dummodo
401 3250 440 3312 sit
454 3251 556 3326 dives,
578 3251 728 3312 barbarus
743 3252 811 3328 ipse
826 3252 935 3325 placet

168 3334 272 3392 Aurea
288 3341 358 3394 sunt
373 3350 446 3394 vere
463 3347 543 3395 nunc
558 3337 691 3395 saecula.
714 3335 861 3408 plurimus
879 3348 954 3394 auro

211 3419 302 3477 Venit
316 3419 427 3480 honos.
451 3435 525 3480 auro
542 3419 718 3479 conciliatur
731 3433 825 3477 amor.

131 3525 134 3528 ·
167 3501 239 3576 lpse
256 3503 327 3562 11661
340 3501 446 3563 venias
461 3503 558 3564 Musis
574 3499 747 3577 comitatus,
770 3501 941 3619 Homeref*

884 3591 918 3644 13
