2498 4008
182 272 243 335 180
545 265 685 326 ARTIS
707 262 846 324 ΑΜΑΤ.

267 422 332 493 Sic,
352 435 391 480 ne
404 416 587 494 perdiderit,
607 431 669 475 non
681 420 784 474 cessat
797 414 928 488 perdere
942 414 1038 487 lusor,

308 503 345 564 Et
358 509 484 563 revocat
499 500 627 574 cupidas
642 499 710 556 elea
725 512 820 571 saepe
837 513 956 556 manus.

266 589 332 662 llos
348 602 440 662 opus,
461 584 511 644 hic
525 584 612 642 labor
627 589 688 651 est,
713 581 811 654 primo
827 581 894 640 sinc
909 595 1034 640 munere
1048 579 1144 656 iungi.

308 670 352 729 Ne
367 667 484 729 dederit
499 667 593 740 gratis
609 679 689 739 quae
704 662 802 734 dedit,
825 677 924 737 usquc
940 662 1032 722 dabit.

202 763 253 816 455
263 753 344 827 Ergo
360 759 408 811 eat
423 759 453 810 et
466 749 586 809 blandis
603 753 760 822 peraretur
774 747 872 805 littere
886 747 998 817 verbis,

308 837 516 910 Exploretque
531 833 664 907 animos,
691 830 847 905 primaque
862 837 987 904 temptet
1000 829 1065 889 iter.
1104 891 1109 908 ,

266 919 378 978 Littera
393 917 554 994 Cydippen
570 929 661 988 pomo
678 913 793 987 perlata
808 912 921 984 fefellit,

308 1000 471 1072 Insciaque
486 1003 534 1057 est
548 997 649 1055 verbis
665 1002 754 1070 capta
770 997 871 1070 puella
885 996 960 1056 suis.

267 1084 358 1145 Disce
373 1084 471 1142 bonas
487 1087 582 1150 artes,
606 1093 731 1152 manea,
752 1080 891 1139 Romane
905 1080 1056 1153 iuventus

99 1165 101 1168 ’
204 1176 255 1232 460
308 1168 374 1226 Non
389 1172 504 1226 tentum
518 1163 654 1238 trepidos
671 1170 702 1220 ut
716 1169 818 1221 tueare
833 1178 914 1222 reos.

269 1251 362 1324 Quam
378 1250 509 1323 populus
525 1247 679 1328 iudexque
694 1247 796 1318 gravis
812 1247 972 1320 lectusque
987 1252 1125 1319 senatus,

310 1335 383 1392 Tam
399 1332 481 1391 dabit
496 1330 619 1402 eloquio
636 1330 714 1387 ricta
729 1330 964 1401 puella-manus.

270 1416 332 1476 Sed
347 1417 458 1474 lateant
474 1412 564 1472 vires.
585 1427 642 1470 nec
658 1412 748 1470 eisin
763 1412 860 1473 fronte
873 1412 1015 1472 disertus.

310 1497 463 1571 Effugiant
478 1511 572 1554 voces
589 1495 683 1554 verba
698 1497 825 1554 moleste
838 1503 918 1556 tuac.

206 1591 256 1645 465
269 1582 358 1656 Quis,
379 1580 438 1654 nisi
452 1579 560 1638 mentis
576 1579 680 1652 inops,
702 1585 825 1638 tenerae
840 1579 988 1638 declamat
1004 1577 1144 1638 amicast

311 1664 412 1738 Saepe
426 1664 532 1722 velens
549 1661 612 1720 odii
625 1662 724 1720 littera
739 1677 833 1722 causa
848 1663 910 1721 luit.

270 1747 314 1808 Sit
328 1747 380 1807 tibi
396 1744 549 1806 credibilis
566 1760 666 1804 sermo
683 1752 891 1818 consuetaque
907 1745 1010 1818 verba,

309 1830 432 1889 Blande
442 1835 557 1899 tamen,
580 1841 727 1902 praesens
742 1836 776 1888 ut
788 1828 912 1888 videare
926 1829 1020 1901 loqui.

269 1911 379 1973 Sinon
395 1912 525 1985 accipiet
540 1912 698 1986 scriptum,
721 1911 925 1986 inlectumque
938 1913 1079 1986 remittet,

205 2004 257 2059 470
309 1997 468 2055 Lecturam
483 2008 588 2068 spera,
612 1995 867 2070 propositumque
882 2004 961 2054 tene.

268 2080 417 2153 Tempore
432 2077 573 2144 difficiles
590 2077 715 2136 veniunt
728 2077 769 2136 ad
783 2085 883 2138 aratra
898 2078 1027 2160 iuvenci,
1044 2147 1047 2154 Ι

278 2173 281 2181 “
309 2161 458 2235 Tempore
472 2161 553 2220 lenta
567 2159 630 2234 pati
645 2159 731 2220 frena
749 2161 896 2221 docentur
911 2161 996 2236 equi:

267 2245 396 2304 Ferreus
411 2244 542 2304 adsiduo
558 2244 743 2304 consumitur
757 2246 866 2304 anulus
881 2260 949 2317 usu,

309 2328 411 2387 Interit
425 2328 556 2392 adsidua
569 2341 676 2386 vomer
688 2327 826 2406 aduncus
841 2327 943 2388 humo.

204 2417 256 2472 475
270 2409 347 2483 Quid
361 2411 457 2484 magis
473 2416 520 2470 est
535 2425 610 2470 saxo
627 2410 750 2482 durum,
772 2411 845 2486 quid
859 2411 979 2470 mollius
995 2411 1102 2471 undat

310 2495 392 2553 Dura
406 2499 506 2553 tamen
520 2493 603 2552 molli
618 2509 695 2552 saxa
710 2501 857 2554 cavantur
872 2509 961 2568 equa.

267 2575 440 2650 Penelopen
456 2578 569 2651 ipsam,
592 2584 696 2652 persta
712 2577 821 2651 modo,
844 2585 981 2652 tempore
995 2577 1118 2638 vinces.

303 2658 406 2733 ‘Capta
420 2660 507 2719 vides
524 2675 594 2719 sero
610 2659 771 2735 Pergama,
795 2660 884 2734 capta
898 2669 1015 2742 tamen.¹

267 2742 400 2816 Legcrit,
423 2750 454 2802 et
468 2743 543 2802 nolit
556 2743 746 2806 rescriberet
771 2759 882 2818 cogere
898 2744 975 2804 noli:

203 2834 257 2888 480
309 2825 353 2886 Tu
369 2827 460 2886 modo
474 2825 637 2885 blanditias
652 2827 700 2885 lac
714 2828 909 2902 legatusque
923 2836 1000 2887 tuas.

268 2908 351 2980 Quae
367 2909 463 2968 voluit
476 2909 605 2982 legisse,
628 2911 711 2969 volet
724 2911 894 2970 rescribere
911 2910 1012 2970 lectise

309 2990 365 3050 Per
379 3006 523 3052 numeros
539 2993 661 3051 venient
674 2993 732 3052 ista
745 2994 923 3068 gradusque
938 3008 1023 3053 suos.

218 3115 220 3118 -
266 3073 405 3132 Forsitan
421 3081 451 3134 et
464 3075 562 3150 primo
579 3077 680 3135 veniet
693 3075 746 3135 tibi
761 3078 859 3137 littera
873 3075 976 3149 tristis,
1060 3107 1064 3114 ·

310 3157 456 3230 Quaeque
470 3165 582 3232 roget,
593 3173 633 3218 nc
648 3175 683 3219 se
698 3159 861 3220 sollicitare
878 3159 963 3220 velis.

203 3247 255 3302 485
267 3238 355 3313 Quod
366 3247 454 3314 rogat
464 3241 530 3314 illa,
545 3241 637 3324 timet.
663 3243 746 3316 quod
757 3251 925 3318 nonrogat,
942 3242 1036 3319 optat,
1052 3250 1087 3303 ut
1098 3243 1206 3304 instes:

309 3322 489 3397 insequere,
512 3330 543 3384 et
559 3325 621 3384 voti
633 3327 801 3400 postmodo
816 3343 945 3404 compos
961 3327 1034 3386 cris.

268 3406 385 3464 interea
399 3406 466 3466 sive
480 3407 531 3465 illa
548 3413 614 3467 toro
629 3410 775 3482 resupina
790 3411 911 3485 leretur,

308 3488 459 3548 Lecticam
475 3488 617 3550 dominae
632 3489 859 3553 dissimulanter
877 3495 942 3554 adit
