2488 4006
139 193 202 260 151
442 269 445 271 ,
526 193 775 254 55551555.

264 348 476 421 Securumque
492 347 580 421 quies
595 346 654 404 alta
669 359 725 419 per
737 347 841 419 Argos
857 353 934 406 eram

178 433 343 494 ascincunt
357 447 406 507 me
420 431 549 504 gemitus
564 429 745 490 morientum
761 429 868 491 audire
883 430 1040 490 videbar...

263 517 301 574 Et
315 521 416 575 tamen
434 515 605 586 audieram,
629 512 775 588 quodque
794 513 937 584 verebar,
959 521 1033 574 erat.

223 599 354 674 Sanguis
370 597 445 671 abit,
468 604 661 676 mentemque
677 597 760 654 calor
775 611 953 672 corpusque
966 597 1121 672 relinquit,

262 685 360 757 Inque
375 697 456 741 novo
473 682 552 740 iacui
566 679 677 753 frigida
692 679 772 738 lacta
787 687 864 739 toro.

221 767 261 827 Ut
274 767 335 825 leni
350 764 487 840 zephyro
503 763 633 838 graciles
650 763 805 826 vibrantur
821 763 944 838 aristae,

180 859 214 912 55
266 849 389 923 Frigida
406 849 556 923 populeas
571 854 605 906 ut
619 847 715 921 quatit
730 863 804 906 aura
819 861 935 922 comas„

222 935 282 993 Aut
297 935 357 1006 sic,
379 939 431 992 aut
446 933 536 990 etiam
549 930 658 990 tremui
672 931 779 1005 magis.
814 932 885 1005 lpse
900 931 1034 1007 lucebas,

266 1018 411 1091 Quaeque
426 1015 479 1075 tibi
495 1015 640 1074 dederam
655 1015 741 1088 vina,
760 1016 883 1089 soporis
900 1022 993 1076 erant

222 1102 396 1160 Excussere
411 1107 523 1159 metum
537 1099 661 1159 violenti
676 1098 762 1158 iussa
779 1098 930 1172 parentis:

264 1185 388 1258 Erigor,
412 1185 546 1258 etcopio
564 1183 626 1242 tela
642 1189 790 1242 tremente
805 1199 903 1242 manu.

181 1278 214 1330 55
225 1269 292 1328 1155
307 1283 365 1342 ego
381 1267 460 1326 falsa
478 1268 596 1341 loquar.
619 1272 665 1326 ter
679 1273 800 1344 acutum
816 1267 938 1326 sustulit
951 1275 1068 1340 ensem,

231 1423 235 1432 .
264 1352 324 1410 Ter
339 1351 416 1409 male
432 1351 550 1410 sublato
568 1350 693 1409 reccidit
708 1365 783 1409 ense
801 1366 921 1412 manus.

223 1435 357 1496 Admovi
372 1434 508 1509 iugulo...
527 1434 593 1493 sine
608 1449 658 1492 me
672 1433 724 1493 tibi
740 1441 814 1493 vera
829 1435 947 1514 lateri...

266 1519 400 1577 Admovi
416 1518 518 1592 iugulo
535 1517 593 1576 tela
609 1524 736 1591 paterna
749 1525 816 1577 tuo:

225 1601 288 1662 Sed
301 1602 391 1661 timor
406 1609 436 1660 et
452 1603 550 1676 pletas
564 1602 744 1661 crudelibus.
757 1600 873 1662 obstitit
887 1601 980 1674 ausis,

182 1695 217 1748 55
271 1686 422 1759 Castaque
431 1686 612 1745 mandatum
626 1686 737 1744 dextra
751 1685 862 1759 refugit
878 1701 968 1759 opus,

222 1769 397 1844 Purpureos
412 1769 524 1828 laniata
538 1769 640 1841 sinus,
664 1770 777 1828 laniata
794 1769 923 1844 capillos
966 1805 969 1812 ·

265 1853 384 1926 Exiguo
401 1853 464 1912 dixi
480 1853 552 1912 talia
567 1851 660 1912 verba
676 1868 754 1913 sono
846 1849 849 1855 ’

225 1935 373 2007 ‘Saevum
396 1937 651 2014 Hypermnestra,
673 1942 761 2010 pater
774 1943 822 1996 est
835 1935 899 1996 tiloi.
926 1937 1010 1998 iussa
1026 1937 1164 2013 parentis

265 2019 372 2078 Effice.
393 2021 548 2094 gemnanis
564 2021 603 2080 sit
618 2035 721 2079 comes
736 2021 793 2080 iste
809 2020 885 2080 suis.

80 2128 85 2138 ·
181 2112 215 2164 55
226 2103 351 2162 Femina
366 2120 434 2164 sum
450 2111 479 2164 et
495 2105 599 2178 virgo,
621 2111 728 2163 natura
745 2103 824 2163 mitis
840 2112 871 2163 et
884 2105 988 2164 annisi

133 2182 143 2198 ⁸
265 2187 331 2246 Non
346 2188 463 2248 iaciunt
476 2189 586 2248 molles
601 2187 641 2246 ad
656 2187 721 2246 lera
737 2189 796 2246 tela
811 2197 928 2248 manus,

224 2270 301 2344 Quin
318 2285 390 2344 age,
412 2271 547 2346 dumque
560 2271 653 2340 iacet,
677 2271 764 2331 lortis
781 2271 898 2331 imitare
911 2286 1056 2332 sororesz

267 2353 417 2413 Credibile
432 2363 480 2414 est
493 2351 606 2415 caesos
623 2353 762 2415 omnibus
776 2371 848 2414 esse
863 2355 957 2415 viros.

224 2435 258 2496 Si
273 2453 381 2497 manus
397 2437 473 2498 llaec
489 2439 622 2512 aliquam
639 2445 746 2512 posset
761 2439 949 2499 committere
962 2440 1099 2514 caedem,

180 2529 215 2582 60
268 2520 366 2580 Morte
381 2522 459 2580 leret
473 2522 615 2582 dominae
631 2524 868 2596 sanguinulenta
880 2539 966 2583 suaet

225 2606 287 2664 Aut
302 2619 441 2664 meruere
455 2621 562 2666 necem
579 2607 725 2680 patruelia
740 2622 835 2680 regna
849 2606 983 2667 tenendo

265 2688 347 2760 Quae
362 2695 460 2750 155555
473 2693 605 2750 externis
619 2691 724 2750 dando
735 2691 839 2762 forent
849 2689 991 2764 perceris?

221 2771 320 2845 Finge
334 2772 419 2833 viros
434 2774 584 2832 meruisse
597 2773 684 2832 mori.
708 2773 783 2847 quid
797 2774 925 2834 lecimus
941 2775 1051 2850 ipsae?

266 2855 331 2928 Quo
346 2856 419 2915 mihi
434 2858 599 2918 commisso
615 2873 676 2916 non
694 2859 763 2915 licet
778 2872 849 2916 esse
865 2858 954 2932 piae?
990 2922 993 2928 ,

179 2947 213 3002 65
227 2939 305 3011 Quid
318 2939 391 2998 rnihi
409 2957 478 2999 cum
493 2941 595 3000 ferror
617 2941 690 3014 quid
706 2941 814 3000 bellica
829 2941 889 3003 tela
904 2942 1047 3016 puellae?

262 3021 373 3096 Aptior
387 3029 435 3082 est
449 3023 550 3097 digitis
568 3025 638 3084 lana
653 3027 802 3099 colusque
818 3025 916 3084 meis.’
1006 3025 1153 3100 [quuntur

221 3104 308 3179 Haec
334 3121 402 3179 ego.
437 3106 571 3182 duurque
594 3125 720 3182 queror,
749 3108 892 3167 lacrimae
918 3125 976 3168 sua
996 3108 1093 3168 verba
1113 3122 1160 3166 se-

204 3243 207 3245 ,
262 3187 371 3263 Deque
386 3188 462 3249 meis
480 3191 577 3251 oeulis
593 3191 623 3250 in
639 3199 690 3251 tua
703 3191 841 3251 membra
855 3193 977 3252 cadunt.

219 3272 297 3330 Dum
311 3273 391 3346 petis
406 3274 566 3348 amplexus
582 3275 744 3350 sopitaque
758 3273 902 3335 bracchia
918 3276 1023 3348 iactas,

179 3360 214 3414 70
264 3354 365 3415 Paene
381 3373 490 3416 manus
505 3359 567 3417 1515
581 3358 687 3417 saucia
702 3359 782 3418 lacta
799 3365 850 3418 tua
865 3367 922 3420 est.

220 3436 346 3513 lamque
361 3447 478 3513 patrem
497 3441 691 3514 famulosque
706 3441 801 3514 patris
816 3444 978 3517 lucemque
993 3439 1149 3502 timebam.
